[
	{
		"id": 0,
		"price": "0.09081000",
		"qty": "111.00000000",
		"quoteQty": "10.07991000",
		"time": 1665734400000,
		"isBuyerMaker": false,
		"isBestMatch": true
	},
	{
		"id": 1,
		"price": "0.26000000",
		"qty": "47904.00000000",
		"quoteQty": "12455.04000000",
		"time": 1665734400021,
		"isBuyerMaker": false,
		"isBestMatch": true
	},
	{
		"id": 2,
		"price": "0.26000000",
		"qty": "384.00000000",
		"quoteQty": "99.84000000",
		"time": 1665734400025,
		"isBuyerMaker": false,
		"isBestMatch": true
	},
	{
		"id": 3,
		"price": "0.19898000",
		"qty": "65.00000000",
		"quoteQty": "12.93370000",
		"time": 1665734400035,
		"isBuyerMaker": false,
		"isBestMatch": true
	},
	{
		"id": 4,
		"price": "0.19898000",
		"qty": "648.00000000",
		"quoteQty": "128.93904000",
		"time": 1665734400040,
		"isBuyerMaker": false,
		"isBestMatch": true
	},
	{
		"id": 5,
		"price": "0.13777000",
		"qty": "3496.00000000",
		"quoteQty": "481.64392000",
		"time": 1665734400051,
		"isBuyerMaker": false,
		"isBestMatch": true
	},
	{
		"id": 6,
		"price": "0.15700000",
		"qty": "9504.00000000",
		"quoteQty": "1492.12800000",
		"time": 1665734400051,
		"isBuyerMaker": false,
		"isBestMatch": true
	},
	{
		"id": 7,
		"price": "0.15000000",
		"qty": "536.00000000",
		"quoteQty": "80.40000000",
		"time": 1665734400064,
		"isBuyerMaker": false,
		"isBestMatch": true
	},
	{
		"id": 8,
		"price": "0.12777000",
		"qty": "145.00000000",
		"quoteQty": "18.52665000",
		"time": 1665734400076,
		"isBuyerMaker": false,
		"isBestMatch": true
	},
	{
		"id": 9,
		"price": "0.12777000",
		"qty": "2809.00000000",
		"quoteQty": "358.90593000",
		"time": 1665734400078,
		"isBuyerMaker": false,
		"isBestMatch": true
	},
	{
		"id": 10,
		"price": "0.12777000",
		"qty": "117.00000000",
		"quoteQty": "14.94909000",
		"time": 1665734400101,
		"isBuyerMaker": false,
		"isBestMatch": true
	},
	{
		"id": 11,
		"price": "0.12777000",
		"qty": "621.00000000",
		"quoteQty": "79.34517000",
		"time": 1665734400118,
		"isBuyerMaker": false,
		"isBestMatch": true
	},
	{
		"id": 12,
		"price": "0.12777000",
		"qty": "10308.00000000",
		"quoteQty": "1317.05316000",
		"time": 1665734400123,
		"isBuyerMaker": false,
		"isBestMatch": true
	},
	{
		"id": 13,
		"price": "0.15000000",
		"qty": "1692.00000000",
		"quoteQty": "253.80000000",
		"time": 1665734400123,
		"isBuyerMaker": false,
		"isBestMatch": true
	},
	{
		"id": 14,
		"price": "0.15000000",
		"qty": "167.00000000",
		"quoteQty": "25.05000000",
		"time": 1665734400143,
		"isBuyerMaker": false,
		"isBestMatch": true
	},
	{
		"id": 15,
		"price": "0.15700000",
		"qty": "3025.00000000",
		"quoteQty": "474.92500000",
		"time": 1665734400143,
		"isBuyerMaker": false,
		"isBestMatch": true
	},
	{
		"id": 16,
		"price": "0.13700000",
		"qty": "2191.00000000",
		"quoteQty": "300.16700000",
		"time": 1665734400184,
		"isBuyerMaker": false,
		"isBestMatch": true
	},
	{
		"id": 17,
		"price": "0.13000000",
		"qty": "5471.00000000",
		"quoteQty": "711.23000000",
		"time": 1665734400237,
		"isBuyerMaker": true,
		"isBestMatch": true
	},
	{
		"id": 18,
		"price": "0.13000000",
		"qty": "5462.00000000",
		"quoteQty": "710.06000000",
		"time": 1665734400240,
		"isBuyerMaker": true,
		"isBestMatch": true
	},
	{
		"id": 19,
		"price": "0.13000000",
		"qty": "5462.00000000",
		"quoteQty": "710.06000000",
		"time": 1665734400243,
		"isBuyerMaker": true,
		"isBestMatch": true
	},
	{
		"id": 20,
		"price": "0.13000000",
		"qty": "3838.00000000",
		"quoteQty": "498.94000000",
		"time": 1665734400250,
		"isBuyerMaker": true,
		"isBestMatch": true
	},
	{
		"id": 21,
		"price": "0.12133000",
		"qty": "1633.00000000",
		"quoteQty": "198.13189000",
		"time": 1665734400284,
		"isBuyerMaker": false,
		"isBestMatch": true
	},
	{
		"id": 22,
		"price": "0.12133000",
		"qty": "35386.00000000",
		"quoteQty": "4293.38338000",
		"time": 1665734400284,
		"isBuyerMaker": false,
		"isBestMatch": true
	},
	{
		"id": 23,
		"price": "0.13700000",
		"qty": "40207.00000000",
		"quoteQty": "5508.35900000",
		"time": 1665734400284,
		"isBuyerMaker": false,
		"isBestMatch": true
	},
	{
		"id": 24,
		"price": "0.13000000",
		"qty": "1762.00000000",
		"quoteQty": "229.06000000",
		"time": 1665734400307,
		"isBuyerMaker": false,
		"isBestMatch": true
	},
	{
		"id": 25,
		"price": "0.13000000",
		"qty": "200.00000000",
		"quoteQty": "26.00000000",
		"time": 1665734400328,
		"isBuyerMaker": false,
		"isBestMatch": true
	},
	{
		"id": 26,
		"price": "0.13000000",
		"qty": "1982.00000000",
		"quoteQty": "257.66000000",
		"time": 1665734400329,
		"isBuyerMaker": false,
		"isBestMatch": true
	},
	{
		"id": 27,
		"price": "0.12700000",
		"qty": "614.00000000",
		"quoteQty": "77.97800000",
		"time": 1665734400329,
		"isBuyerMaker": true,
		"isBestMatch": true
	},
	{
		"id": 28,
		"price": "0.12330000",
		"qty": "2838.00000000",
		"quoteQty": "349.92540000",
		"time": 1665734400342,
		"isBuyerMaker": false,
		"isBestMatch": true
	},
	{
		"id": 29,
		"price": "0.12330000",
		"qty": "892.00000000",
		"quoteQty": "109.98360000",
		"time": 1665734400373,
		"isBuyerMaker": false,
		"isBestMatch": true
	},
	{
		"id": 30,
		"price": "0.12330000",
		"qty": "819.00000000",
		"quoteQty": "100.98270000",
		"time": 1665734400402,
		"isBuyerMaker": false,
		"isBestMatch": true
	},
	{
		"id": 31,
		"price": "0.12330000",
		"qty": "4286.00000000",
		"quoteQty": "528.46380000",
		"time": 1665734400457,
		"isBuyerMaker": false,
		"isBestMatch": true
	},
	{
		"id": 32,
		"price": "0.12330000",
		"qty": "8112.00000000",
		"quoteQty": "1000.20960000",
		"time": 1665734400471,
		"isBuyerMaker": false,
		"isBestMatch": true
	},
	{
		"id": 33,
		"price": "0.12330000",
		"qty": "11701.00000000",
		"quoteQty": "1442.73330000",
		"time": 1665734400529,
		"isBuyerMaker": false,
		"isBestMatch": true
	},
	{
		"id": 34,
		"price": "0.12800000",
		"qty": "19214.00000000",
		"quoteQty": "2459.39200000",
		"time": 1665734400529,
		"isBuyerMaker": false,
		"isBestMatch": true
	},
	{
		"id": 35,
		"price": "0.12800000",
		"qty": "782.00000000",
		"quoteQty": "100.09600000",
		"time": 1665734400600,
		"isBuyerMaker": false,
		"isBestMatch": true
	},
	{
		"id": 36,
		"price": "0.12800000",
		"qty": "2439.00000000",
		"quoteQty": "312.19200000",
		"time": 1665734400649,
		"isBuyerMaker": false,
		"isBestMatch": true
	},
	{
		"id": 37,
		"price": "0.12800000",
		"qty": "2539.00000000",
		"quoteQty": "324.99200000",
		"time": 1665734400732,
		"isBuyerMaker": false,
		"isBestMatch": true
	},
	{
		"id": 38,
		"price": "0.12800000",
		"qty": "1157.00000000",
		"quoteQty": "148.09600000",
		"time": 1665734400739,
		"isBuyerMaker": false,
		"isBestMatch": true
	},
	{
		"id": 39,
		"price": "0.12670000",
		"qty": "487.00000000",
		"quoteQty": "61.70290000",
		"time": 1665734400751,
		"isBuyerMaker": false,
		"isBestMatch": true
	},
	{
		"id": 40,
		"price": "0.12670000",
		"qty": "2847.00000000",
		"quoteQty": "360.71490000",
		"time": 1665734400780,
		"isBuyerMaker": false,
		"isBestMatch": true
	},
	{
		"id": 41,
		"price": "0.12636000",
		"qty": "336.00000000",
		"quoteQty": "42.45696000",
		"time": 1665734400799,
		"isBuyerMaker": true,
		"isBestMatch": true
	},
	{
		"id": 42,
		"price": "0.12670000",
		"qty": "491.00000000",
		"quoteQty": "62.20970000",
		"time": 1665734400868,
		"isBuyerMaker": false,
		"isBestMatch": true
	},
	{
		"id": 43,
		"price": "0.12636000",
		"qty": "513.00000000",
		"quoteQty": "64.82268000",
		"time": 1665734400872,
		"isBuyerMaker": true,
		"isBestMatch": true
	},
	{
		"id": 44,
		"price": "0.11940000",
		"qty": "1.00000000",
		"quoteQty": "0.11940000",
		"time": 1665734400872,
		"isBuyerMaker": true,
		"isBestMatch": true
	},
	{
		"id": 45,
		"price": "0.12670000",
		"qty": "3144.00000000",
		"quoteQty": "398.34480000",
		"time": 1665734400875,
		"isBuyerMaker": false,
		"isBestMatch": true
	},
	{
		"id": 46,
		"price": "0.12670000",
		"qty": "887.00000000",
		"quoteQty": "112.38290000",
		"time": 1665734400909,
		"isBuyerMaker": false,
		"isBestMatch": true
	},
	{
		"id": 47,
		"price": "0.12670000",
		"qty": "1973.00000000",
		"quoteQty": "249.97910000",
		"time": 1665734400914,
		"isBuyerMaker": false,
		"isBestMatch": true
	},
	{
		"id": 48,
		"price": "0.12572000",
		"qty": "2644.00000000",
		"quoteQty": "332.40368000",
		"time": 1665734400922,
		"isBuyerMaker": true,
		"isBestMatch": true
	},
	{
		"id": 49,
		"price": "0.12256000",
		"qty": "676.00000000",
		"quoteQty": "82.85056000",
		"time": 1665734400922,
		"isBuyerMaker": true,
		"isBestMatch": true
	},
	{
		"id": 50,
		"price": "0.12256000",
		"qty": "228.00000000",
		"quoteQty": "27.94368000",
		"time": 1665734400923,
		"isBuyerMaker": true,
		"isBestMatch": true
	},
	{
		"id": 51,
		"price": "0.12159000",
		"qty": "1461.00000000",
		"quoteQty": "177.64299000",
		"time": 1665734400923,
		"isBuyerMaker": true,
		"isBestMatch": true
	},
	{
		"id": 52,
		"price": "0.12572000",
		"qty": "2560.00000000",
		"quoteQty": "321.84320000",
		"time": 1665734400982,
		"isBuyerMaker": true,
		"isBestMatch": true
	},
	{
		"id": 53,
		"price": "0.12670000",
		"qty": "6458.00000000",
		"quoteQty": "818.22860000",
		"time": 1665734401014,
		"isBuyerMaker": false,
		"isBestMatch": true
	},
	{
		"id": 54,
		"price": "0.12572000",
		"qty": "621.00000000",
		"quoteQty": "78.07212000",
		"time": 1665734401027,
		"isBuyerMaker": true,
		"isBestMatch": true
	},
	{
		"id": 55,
		"price": "0.12572000",
		"qty": "2804.00000000",
		"quoteQty": "352.51888000",
		"time": 1665734401027,
		"isBuyerMaker": true,
		"isBestMatch": true
	},
	{
		"id": 56,
		"price": "0.12670000",
		"qty": "28366.00000000",
		"quoteQty": "3593.97220000",
		"time": 1665734401029,
		"isBuyerMaker": false,
		"isBestMatch": true
	},
	{
		"id": 57,
		"price": "0.12670000",
		"qty": "7908.00000000",
		"quoteQty": "1001.94360000",
		"time": 1665734401056,
		"isBuyerMaker": false,
		"isBestMatch": true
	},
	{
		"id": 58,
		"price": "0.12670000",
		"qty": "732.00000000",
		"quoteQty": "92.74440000",
		"time": 1665734401061,
		"isBuyerMaker": false,
		"isBestMatch": true
	},
	{
		"id": 59,
		"price": "0.12670000",
		"qty": "150.00000000",
		"quoteQty": "19.00500000",
		"time": 1665734401078,
		"isBuyerMaker": false,
		"isBestMatch": true
	},
	{
		"id": 60,
		"price": "0.12670000",
		"qty": "5995.00000000",
		"quoteQty": "759.56650000",
		"time": 1665734401085,
		"isBuyerMaker": false,
		"isBestMatch": true
	},
	{
		"id": 61,
		"price": "0.12670000",
		"qty": "28614.00000000",
		"quoteQty": "3625.39380000",
		"time": 1665734401103,
		"isBuyerMaker": false,
		"isBestMatch": true
	},
	{
		"id": 62,
		"price": "0.12800000",
		"qty": "3996.00000000",
		"quoteQty": "511.48800000",
		"time": 1665734401103,
		"isBuyerMaker": false,
		"isBestMatch": true
	},
	{
		"id": 63,
		"price": "0.13000000",
		"qty": "2346.00000000",
		"quoteQty": "304.98000000",
		"time": 1665734401103,
		"isBuyerMaker": false,
		"isBestMatch": true
	},
	{
		"id": 64,
		"price": "0.13000000",
		"qty": "769.00000000",
		"quoteQty": "99.97000000",
		"time": 1665734401125,
		"isBuyerMaker": false,
		"isBestMatch": true
	},
	{
		"id": 65,
		"price": "0.12572000",
		"qty": "775.00000000",
		"quoteQty": "97.43300000",
		"time": 1665734401132,
		"isBuyerMaker": true,
		"isBestMatch": true
	},
	{
		"id": 66,
		"price": "0.12258000",
		"qty": "1464.00000000",
		"quoteQty": "179.45712000",
		"time": 1665734401132,
		"isBuyerMaker": true,
		"isBestMatch": true
	},
	{
		"id": 67,
		"price": "0.12159000",
		"qty": "361.00000000",
		"quoteQty": "43.89399000",
		"time": 1665734401141,
		"isBuyerMaker": true,
		"isBestMatch": true
	},
	{
		"id": 68,
		"price": "0.11817000",
		"qty": "51.00000000",
		"quoteQty": "6.02667000",
		"time": 1665734401141,
		"isBuyerMaker": true,
		"isBestMatch": true
	},
	{
		"id": 69,
		"price": "0.11817000",
		"qty": "261.00000000",
		"quoteQty": "30.84237000",
		"time": 1665734401158,
		"isBuyerMaker": true,
		"isBestMatch": true
	},
	{
		"id": 70,
		"price": "0.11551000",
		"qty": "3449.00000000",
		"quoteQty": "398.39399000",
		"time": 1665734401205,
		"isBuyerMaker": true,
		"isBestMatch": true
	},
	{
		"id": 71,
		"price": "0.12594000",
		"qty": "87.00000000",
		"quoteQty": "10.95678000",
		"time": 1665734401211,
		"isBuyerMaker": false,
		"isBestMatch": true
	},
	{
		"id": 72,
		"price": "0.11552000",
		"qty": "2168.00000000",
		"quoteQty": "250.44736000",
		"time": 1665734401229,
		"isBuyerMaker": true,
		"isBestMatch": true
	},
	{
		"id": 73,
		"price": "0.11551000",
		"qty": "879.00000000",
		"quoteQty": "101.53329000",
		"time": 1665734401229,
		"isBuyerMaker": true,
		"isBestMatch": true
	},
	{
		"id": 74,
		"price": "0.11520000",
		"qty": "3856.00000000",
		"quoteQty": "444.21120000",
		"time": 1665734401229,
		"isBuyerMaker": true,
		"isBestMatch": true
	},
	{
		"id": 75,
		"price": "0.11575000",
		"qty": "516.00000000",
		"quoteQty": "59.72700000",
		"time": 1665734401267,
		"isBuyerMaker": false,
		"isBestMatch": true
	},
	{
		"id": 76,
		"price": "0.11575000",
		"qty": "1727.00000000",
		"quoteQty": "199.90025000",
		"time": 1665734401290,
		"isBuyerMaker": false,
		"isBestMatch": true
	},
	{
		"id": 77,
		"price": "0.11575000",
		"qty": "1206.00000000",
		"quoteQty": "139.59450000",
		"time": 1665734401306,
		"isBuyerMaker": false,
		"isBestMatch": true
	},
	{
		"id": 78,
		"price": "0.12593000",
		"qty": "1464.00000000",
		"quoteQty": "184.36152000",
		"time": 1665734401306,
		"isBuyerMaker": false,
		"isBestMatch": true
	},
	{
		"id": 79,
		"price": "0.12594000",
		"qty": "817.00000000",
		"quoteQty": "102.89298000",
		"time": 1665734401306,
		"isBuyerMaker": false,
		"isBestMatch": true
	},
	{
		"id": 80,
		"price": "0.12900000",
		"qty": "567.00000000",
		"quoteQty": "73.14300000",
		"time": 1665734401306,
		"isBuyerMaker": false,
		"isBestMatch": true
	},
	{
		"id": 81,
		"price": "0.12900000",
		"qty": "2556.00000000",
		"quoteQty": "329.72400000",
		"time": 1665734401322,
		"isBuyerMaker": false,
		"isBestMatch": true
	},
	{
		"id": 82,
		"price": "0.12592000",
		"qty": "774.00000000",
		"quoteQty": "97.46208000",
		"time": 1665734401346,
		"isBuyerMaker": false,
		"isBestMatch": true
	},
	{
		"id": 83,
		"price": "0.12592000",
		"qty": "2805.00000000",
		"quoteQty": "353.20560000",
		"time": 1665734401347,
		"isBuyerMaker": false,
		"isBestMatch": true
	},
	{
		"id": 84,
		"price": "0.12900000",
		"qty": "4219.00000000",
		"quoteQty": "544.25100000",
		"time": 1665734401347,
		"isBuyerMaker": false,
		"isBestMatch": true
	},
	{
		"id": 85,
		"price": "0.12172000",
		"qty": "312.00000000",
		"quoteQty": "37.97664000",
		"time": 1665734401408,
		"isBuyerMaker": false,
		"isBestMatch": true
	},
	{
		"id": 86,
		"price": "0.12900000",
		"qty": "7733.00000000",
		"quoteQty": "997.55700000",
		"time": 1665734401408,
		"isBuyerMaker": false,
		"isBestMatch": true
	},
	{
		"id": 87,
		"price": "0.12900000",
		"qty": "6943.00000000",
		"quoteQty": "895.64700000",
		"time": 1665734401419,
		"isBuyerMaker": false,
		"isBestMatch": true
	},
	{
		"id": 88,
		"price": "0.12900000",
		"qty": "2686.00000000",
		"quoteQty": "346.49400000",
		"time": 1665734401467,
		"isBuyerMaker": false,
		"isBestMatch": true
	},
	{
		"id": 89,
		"price": "0.12900000",
		"qty": "1240.00000000",
		"quoteQty": "159.96000000",
		"time": 1665734401545,
		"isBuyerMaker": false,
		"isBestMatch": true
	},
	{
		"id": 90,
		"price": "0.12900000",
		"qty": "3163.00000000",
		"quoteQty": "408.02700000",
		"time": 1665734401576,
		"isBuyerMaker": false,
		"isBestMatch": true
	},
	{
		"id": 91,
		"price": "0.12900000",
		"qty": "303.00000000",
		"quoteQty": "39.08700000",
		"time": 1665734401578,
		"isBuyerMaker": false,
		"isBestMatch": true
	},
	{
		"id": 92,
		"price": "0.12737000",
		"qty": "1461.00000000",
		"quoteQty": "186.08757000",
		"time": 1665734401676,
		"isBuyerMaker": false,
		"isBestMatch": true
	},
	{
		"id": 93,
		"price": "0.12900000",
		"qty": "2123.00000000",
		"quoteQty": "273.86700000",
		"time": 1665734401676,
		"isBuyerMaker": false,
		"isBestMatch": true
	},
	{
		"id": 94,
		"price": "0.12201000",
		"qty": "192.00000000",
		"quoteQty": "23.42592000",
		"time": 1665734401710,
		"isBuyerMaker": true,
		"isBestMatch": true
	},
	{
		"id": 95,
		"price": "0.12201000",
		"qty": "879.00000000",
		"quoteQty": "107.24679000",
		"time": 1665734401760,
		"isBuyerMaker": true,
		"isBestMatch": true
	},
	{
		"id": 96,
		"price": "0.12669000",
		"qty": "763.00000000",
		"quoteQty": "96.66447000",
		"time": 1665734401790,
		"isBuyerMaker": false,
		"isBestMatch": true
	},
	{
		"id": 97,
		"price": "0.12900000",
		"qty": "230.00000000",
		"quoteQty": "29.67000000",
		"time": 1665734401790,
		"isBuyerMaker": false,
		"isBestMatch": true
	},
	{
		"id": 98,
		"price": "0.12177000",
		"qty": "846.00000000",
		"quoteQty": "103.01742000",
		"time": 1665734401863,
		"isBuyerMaker": true,
		"isBestMatch": true
	},
	{
		"id": 99,
		"price": "0.12177000",
		"qty": "847.00000000",
		"quoteQty": "103.13919000",
		"time": 1665734401872,
		"isBuyerMaker": true,
		"isBestMatch": true
	},
	{
		"id": 100,
		"price": "0.12177000",
		"qty": "39.00000000",
		"quoteQty": "4.74903000",
		"time": 1665734401872,
		"isBuyerMaker": true,
		"isBestMatch": true
	},
	{
		"id": 101,
		"price": "0.12567000",
		"qty": "108.00000000",
		"quoteQty": "13.57236000",
		"time": 1665734401902,
		"isBuyerMaker": false,
		"isBestMatch": true
	},
	{
		"id": 102,
		"price": "0.12567000",
		"qty": "108.00000000",
		"quoteQty": "13.57236000",
		"time": 1665734401902,
		"isBuyerMaker": false,
		"isBestMatch": true
	},
	{
		"id": 103,
		"price": "0.12567000",
		"qty": "108.00000000",
		"quoteQty": "13.57236000",
		"time": 1665734401902,
		"isBuyerMaker": false,
		"isBestMatch": true
	},
	{
		"id": 104,
		"price": "0.12567000",
		"qty": "108.00000000",
		"quoteQty": "13.57236000",
		"time": 1665734401902,
		"isBuyerMaker": false,
		"isBestMatch": true
	},
	{
		"id": 105,
		"price": "0.12567000",
		"qty": "108.00000000",
		"quoteQty": "13.57236000",
		"time": 1665734401902,
		"isBuyerMaker": false,
		"isBestMatch": true
	},
	{
		"id": 106,
		"price": "0.12567000",
		"qty": "108.00000000",
		"quoteQty": "13.57236000",
		"time": 1665734401902,
		"isBuyerMaker": false,
		"isBestMatch": true
	},
	{
		"id": 107,
		"price": "0.12567000",
		"qty": "108.00000000",
		"quoteQty": "13.57236000",
		"time": 1665734401902,
		"isBuyerMaker": false,
		"isBestMatch": true
	},
	{
		"id": 108,
		"price": "0.12567000",
		"qty": "108.00000000",
		"quoteQty": "13.57236000",
		"time": 1665734401902,
		"isBuyerMaker": false,
		"isBestMatch": true
	},
	{
		"id": 109,
		"price": "0.12567000",
		"qty": "108.00000000",
		"quoteQty": "13.57236000",
		"time": 1665734401902,
		"isBuyerMaker": false,
		"isBestMatch": true
	},
	{
		"id": 110,
		"price": "0.12567000",
		"qty": "99.00000000",
		"quoteQty": "12.44133000",
		"time": 1665734401902,
		"isBuyerMaker": false,
		"isBestMatch": true
	},
	{
		"id": 111,
		"price": "0.12900000",
		"qty": "1928.00000000",
		"quoteQty": "248.71200000",
		"time": 1665734401902,
		"isBuyerMaker": false,
		"isBestMatch": true
	},
	{
		"id": 112,
		"price": "0.12900000",
		"qty": "2999.00000000",
		"quoteQty": "386.87100000",
		"time": 1665734401905,
		"isBuyerMaker": false,
		"isBestMatch": true
	},
	{
		"id": 113,
		"price": "0.12177000",
		"qty": "427.00000000",
		"quoteQty": "51.99579000",
		"time": 1665734401927,
		"isBuyerMaker": true,
		"isBestMatch": true
	},
	{
		"id": 114,
		"price": "0.12177000",
		"qty": "366.00000000",
		"quoteQty": "44.56782000",
		"time": 1665734401927,
		"isBuyerMaker": true,
		"isBestMatch": true
	},
	{
		"id": 115,
		"price": "0.12177000",
		"qty": "93.00000000",
		"quoteQty": "11.32461000",
		"time": 1665734401927,
		"isBuyerMaker": true,
		"isBestMatch": true
	},
	{
		"id": 116,
		"price": "0.12177000",
		"qty": "112.00000000",
		"quoteQty": "13.63824000",
		"time": 1665734401928,
		"isBuyerMaker": true,
		"isBestMatch": true
	},
	{
		"id": 117,
		"price": "0.12177000",
		"qty": "1269.00000000",
		"quoteQty": "154.52613000",
		"time": 1665734401928,
		"isBuyerMaker": true,
		"isBestMatch": true
	},
	{
		"id": 118,
		"price": "0.12177000",
		"qty": "987.00000000",
		"quoteQty": "120.18699000",
		"time": 1665734401932,
		"isBuyerMaker": true,
		"isBestMatch": true
	},
	{
		"id": 119,
		"price": "0.12177000",
		"qty": "1084.00000000",
		"quoteQty": "131.99868000",
		"time": 1665734401932,
		"isBuyerMaker": true,
		"isBestMatch": true
	},
	{
		"id": 120,
		"price": "0.12177000",
		"qty": "2071.00000000",
		"quoteQty": "252.18567000",
		"time": 1665734401938,
		"isBuyerMaker": true,
		"isBestMatch": true
	},
	{
		"id": 121,
		"price": "0.12177000",
		"qty": "545.00000000",
		"quoteQty": "66.36465000",
		"time": 1665734401941,
		"isBuyerMaker": true,
		"isBestMatch": true
	},
	{
		"id": 122,
		"price": "0.12176000",
		"qty": "1803.00000000",
		"quoteQty": "219.53328000",
		"time": 1665734401941,
		"isBuyerMaker": true,
		"isBestMatch": true
	},
	{
		"id": 123,
		"price": "0.12176000",
		"qty": "948.00000000",
		"quoteQty": "115.42848000",
		"time": 1665734401945,
		"isBuyerMaker": true,
		"isBestMatch": true
	},
	{
		"id": 124,
		"price": "0.11686000",
		"qty": "260.00000000",
		"quoteQty": "30.38360000",
		"time": 1665734401952,
		"isBuyerMaker": true,
		"isBestMatch": true
	},
	{
		"id": 125,
		"price": "0.11597000",
		"qty": "1299.00000000",
		"quoteQty": "150.64503000",
		"time": 1665734401975,
		"isBuyerMaker": true,
		"isBestMatch": true
	},
	{
		"id": 126,
		"price": "0.11597000",
		"qty": "674.00000000",
		"quoteQty": "78.16378000",
		"time": 1665734401980,
		"isBuyerMaker": true,
		"isBestMatch": true
	},
	{
		"id": 127,
		"price": "0.11597000",
		"qty": "588.00000000",
		"quoteQty": "68.19036000",
		"time": 1665734402006,
		"isBuyerMaker": true,
		"isBestMatch": true
	},
	{
		"id": 128,
		"price": "0.11594000",
		"qty": "4305.00000000",
		"quoteQty": "499.12170000",
		"time": 1665734402006,
		"isBuyerMaker": true,
		"isBestMatch": true
	},
	{
		"id": 129,
		"price": "0.11523000",
		"qty": "1430.00000000",
		"quoteQty": "164.77890000",
		"time": 1665734402006,
		"isBuyerMaker": true,
		"isBestMatch": true
	},
	{
		"id": 130,
		"price": "0.11598000",
		"qty": "389.00000000",
		"quoteQty": "45.11622000",
		"time": 1665734402027,
		"isBuyerMaker": true,
		"isBestMatch": true
	},
	{
		"id": 131,
		"price": "0.12485000",
		"qty": "366.00000000",
		"quoteQty": "45.69510000",
		"time": 1665734402032,
		"isBuyerMaker": false,
		"isBestMatch": true
	},
	{
		"id": 132,
		"price": "0.12485000",
		"qty": "466.00000000",
		"quoteQty": "58.18010000",
		"time": 1665734402032,
		"isBuyerMaker": false,
		"isBestMatch": true
	},
	{
		"id": 133,
		"price": "0.12486000",
		"qty": "87.00000000",
		"quoteQty": "10.86282000",
		"time": 1665734402032,
		"isBuyerMaker": false,
		"isBestMatch": true
	},
	{
		"id": 134,
		"price": "0.12486000",
		"qty": "87.00000000",
		"quoteQty": "10.86282000",
		"time": 1665734402032,
		"isBuyerMaker": false,
		"isBestMatch": true
	},
	{
		"id": 135,
		"price": "0.12486000",
		"qty": "86.00000000",
		"quoteQty": "10.73796000",
		"time": 1665734402032,
		"isBuyerMaker": false,
		"isBestMatch": true
	},
	{
		"id": 136,
		"price": "0.12900000",
		"qty": "13310.00000000",
		"quoteQty": "1716.99000000",
		"time": 1665734402032,
		"isBuyerMaker": false,
		"isBestMatch": true
	},
	{
		"id": 137,
		"price": "0.13000000",
		"qty": "15882.00000000",
		"quoteQty": "2064.66000000",
		"time": 1665734402032,
		"isBuyerMaker": false,
		"isBestMatch": true
	},
	{
		"id": 138,
		"price": "0.12485000",
		"qty": "2195.00000000",
		"quoteQty": "274.04575000",
		"time": 1665734402039,
		"isBuyerMaker": false,
		"isBestMatch": true
	},
	{
		"id": 139,
		"price": "0.11945000",
		"qty": "87.00000000",
		"quoteQty": "10.39215000",
		"time": 1665734402310,
		"isBuyerMaker": false,
		"isBestMatch": true
	},
	{
		"id": 140,
		"price": "0.11841000",
		"qty": "662.00000000",
		"quoteQty": "78.38742000",
		"time": 1665734402327,
		"isBuyerMaker": true,
		"isBestMatch": true
	},
	{
		"id": 141,
		"price": "0.11841000",
		"qty": "271.00000000",
		"quoteQty": "32.08911000",
		"time": 1665734402328,
		"isBuyerMaker": true,
		"isBestMatch": true
	},
	{
		"id": 142,
		"price": "0.11841000",
		"qty": "478.00000000",
		"quoteQty": "56.59998000",
		"time": 1665734402328,
		"isBuyerMaker": true,
		"isBestMatch": true
	},
	{
		"id": 143,
		"price": "0.11945000",
		"qty": "170.00000000",
		"quoteQty": "20.30650000",
		"time": 1665734402330,
		"isBuyerMaker": false,
		"isBestMatch": true
	},
	{
		"id": 144,
		"price": "0.11945000",
		"qty": "257.00000000",
		"quoteQty": "30.69865000",
		"time": 1665734402330,
		"isBuyerMaker": false,
		"isBestMatch": true
	},
	{
		"id": 145,
		"price": "0.11945000",
		"qty": "257.00000000",
		"quoteQty": "30.69865000",
		"time": 1665734402330,
		"isBuyerMaker": false,
		"isBestMatch": true
	},
	{
		"id": 146,
		"price": "0.11945000",
		"qty": "257.00000000",
		"quoteQty": "30.69865000",
		"time": 1665734402330,
		"isBuyerMaker": false,
		"isBestMatch": true
	},
	{
		"id": 147,
		"price": "0.11945000",
		"qty": "257.00000000",
		"quoteQty": "30.69865000",
		"time": 1665734402330,
		"isBuyerMaker": false,
		"isBestMatch": true
	},
	{
		"id": 148,
		"price": "0.11945000",
		"qty": "257.00000000",
		"quoteQty": "30.69865000",
		"time": 1665734402330,
		"isBuyerMaker": false,
		"isBestMatch": true
	},
	{
		"id": 149,
		"price": "0.11945000",
		"qty": "257.00000000",
		"quoteQty": "30.69865000",
		"time": 1665734402330,
		"isBuyerMaker": false,
		"isBestMatch": true
	},
	{
		"id": 150,
		"price": "0.11945000",
		"qty": "257.00000000",
		"quoteQty": "30.69865000",
		"time": 1665734402330,
		"isBuyerMaker": false,
		"isBestMatch": true
	},
	{
		"id": 151,
		"price": "0.11945000",
		"qty": "257.00000000",
		"quoteQty": "30.69865000",
		"time": 1665734402330,
		"isBuyerMaker": false,
		"isBestMatch": true
	},
	{
		"id": 152,
		"price": "0.11945000",
		"qty": "248.00000000",
		"quoteQty": "29.62360000",
		"time": 1665734402330,
		"isBuyerMaker": false,
		"isBestMatch": true
	},
	{
		"id": 153,
		"price": "0.12703000",
		"qty": "1894.00000000",
		"quoteQty": "240.59482000",
		"time": 1665734402330,
		"isBuyerMaker": false,
		"isBestMatch": true
	},
	{
		"id": 154,
		"price": "0.12704000",
		"qty": "431.00000000",
		"quoteQty": "54.75424000",
		"time": 1665734402330,
		"isBuyerMaker": false,
		"isBestMatch": true
	},
	{
		"id": 155,
		"price": "0.12704000",
		"qty": "431.00000000",
		"quoteQty": "54.75424000",
		"time": 1665734402330,
		"isBuyerMaker": false,
		"isBestMatch": true
	},
	{
		"id": 156,
		"price": "0.12704000",
		"qty": "431.00000000",
		"quoteQty": "54.75424000",
		"time": 1665734402330,
		"isBuyerMaker": false,
		"isBestMatch": true
	},
	{
		"id": 157,
		"price": "0.12704000",
		"qty": "431.00000000",
		"quoteQty": "54.75424000",
		"time": 1665734402330,
		"isBuyerMaker": false,
		"isBestMatch": true
	},
	{
		"id": 158,
		"price": "0.12704000",
		"qty": "431.00000000",
		"quoteQty": "54.75424000",
		"time": 1665734402330,
		"isBuyerMaker": false,
		"isBestMatch": true
	},
	{
		"id": 159,
		"price": "0.12704000",
		"qty": "431.00000000",
		"quoteQty": "54.75424000",
		"time": 1665734402330,
		"isBuyerMaker": false,
		"isBestMatch": true
	},
	{
		"id": 160,
		"price": "0.12704000",
		"qty": "284.00000000",
		"quoteQty": "36.07936000",
		"time": 1665734402330,
		"isBuyerMaker": false,
		"isBestMatch": true
	},
	{
		"id": 161,
		"price": "0.11841000",
		"qty": "275.00000000",
		"quoteQty": "32.56275000",
		"time": 1665734402340,
		"isBuyerMaker": true,
		"isBestMatch": true
	},
	{
		"id": 162,
		"price": "0.11816000",
		"qty": "85.00000000",
		"quoteQty": "10.04360000",
		"time": 1665734402340,
		"isBuyerMaker": true,
		"isBestMatch": true
	},
	{
		"id": 163,
		"price": "0.11816000",
		"qty": "60.00000000",
		"quoteQty": "7.08960000",
		"time": 1665734402340,
		"isBuyerMaker": true,
		"isBestMatch": true
	},
	{
		"id": 164,
		"price": "0.12704000",
		"qty": "147.00000000",
		"quoteQty": "18.67488000",
		"time": 1665734402340,
		"isBuyerMaker": false,
		"isBestMatch": true
	},
	{
		"id": 165,
		"price": "0.12704000",
		"qty": "431.00000000",
		"quoteQty": "54.75424000",
		"time": 1665734402340,
		"isBuyerMaker": false,
		"isBestMatch": true
	},
	{
		"id": 166,
		"price": "0.12704000",
		"qty": "431.00000000",
		"quoteQty": "54.75424000",
		"time": 1665734402340,
		"isBuyerMaker": false,
		"isBestMatch": true
	},
	{
		"id": 167,
		"price": "0.12704000",
		"qty": "426.00000000",
		"quoteQty": "54.11904000",
		"time": 1665734402340,
		"isBuyerMaker": false,
		"isBestMatch": true
	},
	{
		"id": 168,
		"price": "0.12737000",
		"qty": "361.00000000",
		"quoteQty": "45.98057000",
		"time": 1665734402340,
		"isBuyerMaker": false,
		"isBestMatch": true
	},
	{
		"id": 169,
		"price": "0.13000000",
		"qty": "3997.00000000",
		"quoteQty": "519.61000000",
		"time": 1665734402340,
		"isBuyerMaker": false,
		"isBestMatch": true
	},
	{
		"id": 170,
		"price": "0.13000000",
		"qty": "169.00000000",
		"quoteQty": "21.97000000",
		"time": 1665734402354,
		"isBuyerMaker": false,
		"isBestMatch": true
	},
	{
		"id": 171,
		"price": "0.11817000",
		"qty": "807.00000000",
		"quoteQty": "95.36319000",
		"time": 1665734402391,
		"isBuyerMaker": true,
		"isBestMatch": true
	},
	{
		"id": 172,
		"price": "0.11816000",
		"qty": "25.00000000",
		"quoteQty": "2.95400000",
		"time": 1665734402391,
		"isBuyerMaker": true,
		"isBestMatch": true
	},
	{
		"id": 173,
		"price": "0.11816000",
		"qty": "85.00000000",
		"quoteQty": "10.04360000",
		"time": 1665734402391,
		"isBuyerMaker": true,
		"isBestMatch": true
	},
	{
		"id": 174,
		"price": "0.11816000",
		"qty": "85.00000000",
		"quoteQty": "10.04360000",
		"time": 1665734402391,
		"isBuyerMaker": true,
		"isBestMatch": true
	},
	{
		"id": 175,
		"price": "0.11816000",
		"qty": "85.00000000",
		"quoteQty": "10.04360000",
		"time": 1665734402391,
		"isBuyerMaker": true,
		"isBestMatch": true
	},
	{
		"id": 176,
		"price": "0.11816000",
		"qty": "85.00000000",
		"quoteQty": "10.04360000",
		"time": 1665734402391,
		"isBuyerMaker": true,
		"isBestMatch": true
	},
	{
		"id": 177,
		"price": "0.11816000",
		"qty": "85.00000000",
		"quoteQty": "10.04360000",
		"time": 1665734402391,
		"isBuyerMaker": true,
		"isBestMatch": true
	},
	{
		"id": 178,
		"price": "0.11816000",
		"qty": "83.00000000",
		"quoteQty": "9.80728000",
		"time": 1665734402391,
		"isBuyerMaker": true,
		"isBestMatch": true
	},
	{
		"id": 179,
		"price": "0.11816000",
		"qty": "85.00000000",
		"quoteQty": "10.04360000",
		"time": 1665734402391,
		"isBuyerMaker": true,
		"isBestMatch": true
	},
	{
		"id": 180,
		"price": "0.11816000",
		"qty": "85.00000000",
		"quoteQty": "10.04360000",
		"time": 1665734402391,
		"isBuyerMaker": true,
		"isBestMatch": true
	},
	{
		"id": 181,
		"price": "0.11816000",
		"qty": "85.00000000",
		"quoteQty": "10.04360000",
		"time": 1665734402391,
		"isBuyerMaker": true,
		"isBestMatch": true
	},
	{
		"id": 182,
		"price": "0.11816000",
		"qty": "85.00000000",
		"quoteQty": "10.04360000",
		"time": 1665734402391,
		"isBuyerMaker": true,
		"isBestMatch": true
	},
	{
		"id": 183,
		"price": "0.11816000",
		"qty": "85.00000000",
		"quoteQty": "10.04360000",
		"time": 1665734402391,
		"isBuyerMaker": true,
		"isBestMatch": true
	},
	{
		"id": 184,
		"price": "0.11816000",
		"qty": "85.00000000",
		"quoteQty": "10.04360000",
		"time": 1665734402391,
		"isBuyerMaker": true,
		"isBestMatch": true
	},
	{
		"id": 185,
		"price": "0.11816000",
		"qty": "85.00000000",
		"quoteQty": "10.04360000",
		"time": 1665734402391,
		"isBuyerMaker": true,
		"isBestMatch": true
	},
	{
		"id": 186,
		"price": "0.11816000",
		"qty": "85.00000000",
		"quoteQty": "10.04360000",
		"time": 1665734402391,
		"isBuyerMaker": true,
		"isBestMatch": true
	},
	{
		"id": 187,
		"price": "0.11816000",
		"qty": "85.00000000",
		"quoteQty": "10.04360000",
		"time": 1665734402391,
		"isBuyerMaker": true,
		"isBestMatch": true
	},
	{
		"id": 188,
		"price": "0.11816000",
		"qty": "85.00000000",
		"quoteQty": "10.04360000",
		"time": 1665734402391,
		"isBuyerMaker": true,
		"isBestMatch": true
	},
	{
		"id": 189,
		"price": "0.11816000",
		"qty": "85.00000000",
		"quoteQty": "10.04360000",
		"time": 1665734402391,
		"isBuyerMaker": true,
		"isBestMatch": true
	},
	{
		"id": 190,
		"price": "0.11816000",
		"qty": "85.00000000",
		"quoteQty": "10.04360000",
		"time": 1665734402391,
		"isBuyerMaker": true,
		"isBestMatch": true
	},
	{
		"id": 191,
		"price": "0.11816000",
		"qty": "85.00000000",
		"quoteQty": "10.04360000",
		"time": 1665734402391,
		"isBuyerMaker": true,
		"isBestMatch": true
	},
	{
		"id": 192,
		"price": "0.11816000",
		"qty": "79.00000000",
		"quoteQty": "9.33464000",
		"time": 1665734402391,
		"isBuyerMaker": true,
		"isBestMatch": true
	},
	{
		"id": 193,
		"price": "0.11816000",
		"qty": "79.00000000",
		"quoteQty": "9.33464000",
		"time": 1665734402391,
		"isBuyerMaker": true,
		"isBestMatch": true
	},
	{
		"id": 194,
		"price": "0.11771000",
		"qty": "453.00000000",
		"quoteQty": "53.32263000",
		"time": 1665734402391,
		"isBuyerMaker": true,
		"isBestMatch": true
	},
	{
		"id": 195,
		"price": "0.11771000",
		"qty": "453.00000000",
		"quoteQty": "53.32263000",
		"time": 1665734402391,
		"isBuyerMaker": true,
		"isBestMatch": true
	},
	{
		"id": 196,
		"price": "0.11771000",
		"qty": "453.00000000",
		"quoteQty": "53.32263000",
		"time": 1665734402391,
		"isBuyerMaker": true,
		"isBestMatch": true
	},
	{
		"id": 197,
		"price": "0.11771000",
		"qty": "453.00000000",
		"quoteQty": "53.32263000",
		"time": 1665734402391,
		"isBuyerMaker": true,
		"isBestMatch": true
	},
	{
		"id": 198,
		"price": "0.11771000",
		"qty": "453.00000000",
		"quoteQty": "53.32263000",
		"time": 1665734402391,
		"isBuyerMaker": true,
		"isBestMatch": true
	},
	{
		"id": 199,
		"price": "0.11771000",
		"qty": "453.00000000",
		"quoteQty": "53.32263000",
		"time": 1665734402391,
		"isBuyerMaker": true,
		"isBestMatch": true
	},
	{
		"id": 200,
		"price": "0.11771000",
		"qty": "453.00000000",
		"quoteQty": "53.32263000",
		"time": 1665734402391,
		"isBuyerMaker": true,
		"isBestMatch": true
	},
	{
		"id": 201,
		"price": "0.11771000",
		"qty": "453.00000000",
		"quoteQty": "53.32263000",
		"time": 1665734402391,
		"isBuyerMaker": true,
		"isBestMatch": true
	},
	{
		"id": 202,
		"price": "0.11771000",
		"qty": "453.00000000",
		"quoteQty": "53.32263000",
		"time": 1665734402391,
		"isBuyerMaker": true,
		"isBestMatch": true
	},
	{
		"id": 203,
		"price": "0.11771000",
		"qty": "444.00000000",
		"quoteQty": "52.26324000",
		"time": 1665734402391,
		"isBuyerMaker": true,
		"isBestMatch": true
	},
	{
		"id": 204,
		"price": "0.11619000",
		"qty": "17183.00000000",
		"quoteQty": "1996.49277000",
		"time": 1665734402391,
		"isBuyerMaker": true,
		"isBestMatch": true
	},
	{
		"id": 205,
		"price": "0.11599000",
		"qty": "237.00000000",
		"quoteQty": "27.48963000",
		"time": 1665734402391,
		"isBuyerMaker": true,
		"isBestMatch": true
	},
	{
		"id": 206,
		"price": "0.11599000",
		"qty": "500.00000000",
		"quoteQty": "57.99500000",
		"time": 1665734402391,
		"isBuyerMaker": true,
		"isBestMatch": true
	},
	{
		"id": 207,
		"price": "0.11598000",
		"qty": "176.00000000",
		"quoteQty": "20.41248000",
		"time": 1665734402391,
		"isBuyerMaker": true,
		"isBestMatch": true
	},
	{
		"id": 208,
		"price": "0.11582000",
		"qty": "2168.00000000",
		"quoteQty": "251.09776000",
		"time": 1665734402391,
		"isBuyerMaker": true,
		"isBestMatch": true
	},
	{
		"id": 209,
		"price": "0.11581000",
		"qty": "384.00000000",
		"quoteQty": "44.47104000",
		"time": 1665734402391,
		"isBuyerMaker": true,
		"isBestMatch": true
	},
	{
		"id": 210,
		"price": "0.11580000",
		"qty": "87.00000000",
		"quoteQty": "10.07460000",
		"time": 1665734402391,
		"isBuyerMaker": true,
		"isBestMatch": true
	},
	{
		"id": 211,
		"price": "0.11580000",
		"qty": "87.00000000",
		"quoteQty": "10.07460000",
		"time": 1665734402391,
		"isBuyerMaker": true,
		"isBestMatch": true
	},
	{
		"id": 212,
		"price": "0.11580000",
		"qty": "87.00000000",
		"quoteQty": "10.07460000",
		"time": 1665734402391,
		"isBuyerMaker": true,
		"isBestMatch": true
	},
	{
		"id": 213,
		"price": "0.11580000",
		"qty": "87.00000000",
		"quoteQty": "10.07460000",
		"time": 1665734402391,
		"isBuyerMaker": true,
		"isBestMatch": true
	},
	{
		"id": 214,
		"price": "0.11580000",
		"qty": "83.00000000",
		"quoteQty": "9.61140000",
		"time": 1665734402391,
		"isBuyerMaker": true,
		"isBestMatch": true
	},
	{
		"id": 215,
		"price": "0.11523000",
		"qty": "311.00000000",
		"quoteQty": "35.83653000",
		"time": 1665734402391,
		"isBuyerMaker": true,
		"isBestMatch": true
	},
	{
		"id": 216,
		"price": "0.11520000",
		"qty": "920.00000000",
		"quoteQty": "105.98400000",
		"time": 1665734402391,
		"isBuyerMaker": true,
		"isBestMatch": true
	},
	{
		"id": 217,
		"price": "0.11450000",
		"qty": "17436.00000000",
		"quoteQty": "1996.42200000",
		"time": 1665734402391,
		"isBuyerMaker": true,
		"isBestMatch": true
	},
	{
		"id": 218,
		"price": "0.11343000",
		"qty": "111.00000000",
		"quoteQty": "12.59073000",
		"time": 1665734402391,
		"isBuyerMaker": true,
		"isBestMatch": true
	},
	{
		"id": 219,
		"price": "0.11343000",
		"qty": "109.00000000",
		"quoteQty": "12.36387000",
		"time": 1665734402391,
		"isBuyerMaker": true,
		"isBestMatch": true
	},
	{
		"id": 220,
		"price": "0.11280000",
		"qty": "4424.00000000",
		"quoteQty": "499.02720000",
		"time": 1665734402391,
		"isBuyerMaker": true,
		"isBestMatch": true
	},
	{
		"id": 221,
		"price": "0.11280000",
		"qty": "4230.00000000",
		"quoteQty": "477.14400000",
		"time": 1665734402391,
		"isBuyerMaker": true,
		"isBestMatch": true
	},
	{
		"id": 222,
		"price": "0.12196000",
		"qty": "169.00000000",
		"quoteQty": "20.61124000",
		"time": 1665734402410,
		"isBuyerMaker": false,
		"isBestMatch": true
	},
	{
		"id": 223,
		"price": "0.12196000",
		"qty": "169.00000000",
		"quoteQty": "20.61124000",
		"time": 1665734402410,
		"isBuyerMaker": false,
		"isBestMatch": true
	},
	{
		"id": 224,
		"price": "0.12196000",
		"qty": "169.00000000",
		"quoteQty": "20.61124000",
		"time": 1665734402410,
		"isBuyerMaker": false,
		"isBestMatch": true
	},
	{
		"id": 225,
		"price": "0.12196000",
		"qty": "169.00000000",
		"quoteQty": "20.61124000",
		"time": 1665734402410,
		"isBuyerMaker": false,
		"isBestMatch": true
	},
	{
		"id": 226,
		"price": "0.12196000",
		"qty": "169.00000000",
		"quoteQty": "20.61124000",
		"time": 1665734402410,
		"isBuyerMaker": false,
		"isBestMatch": true
	},
	{
		"id": 227,
		"price": "0.12196000",
		"qty": "169.00000000",
		"quoteQty": "20.61124000",
		"time": 1665734402410,
		"isBuyerMaker": false,
		"isBestMatch": true
	},
	{
		"id": 228,
		"price": "0.12196000",
		"qty": "169.00000000",
		"quoteQty": "20.61124000",
		"time": 1665734402410,
		"isBuyerMaker": false,
		"isBestMatch": true
	},
	{
		"id": 229,
		"price": "0.12196000",
		"qty": "169.00000000",
		"quoteQty": "20.61124000",
		"time": 1665734402410,
		"isBuyerMaker": false,
		"isBestMatch": true
	},
	{
		"id": 230,
		"price": "0.12196000",
		"qty": "169.00000000",
		"quoteQty": "20.61124000",
		"time": 1665734402410,
		"isBuyerMaker": false,
		"isBestMatch": true
	},
	{
		"id": 231,
		"price": "0.12196000",
		"qty": "165.00000000",
		"quoteQty": "20.12340000",
		"time": 1665734402410,
		"isBuyerMaker": false,
		"isBestMatch": true
	},
	{
		"id": 232,
		"price": "0.13000000",
		"qty": "2785.00000000",
		"quoteQty": "362.05000000",
		"time": 1665734402410,
		"isBuyerMaker": false,
		"isBestMatch": true
	},
	{
		"id": 233,
		"price": "0.13000000",
		"qty": "1077.00000000",
		"quoteQty": "140.01000000",
		"time": 1665734402410,
		"isBuyerMaker": false,
		"isBestMatch": true
	},
	{
		"id": 234,
		"price": "0.13000000",
		"qty": "9763.00000000",
		"quoteQty": "1269.19000000",
		"time": 1665734402410,
		"isBuyerMaker": false,
		"isBestMatch": true
	},
	{
		"id": 235,
		"price": "0.11812000",
		"qty": "849.00000000",
		"quoteQty": "100.28388000",
		"time": 1665734402443,
		"isBuyerMaker": true,
		"isBestMatch": true
	},
	{
		"id": 236,
		"price": "0.12195000",
		"qty": "187.00000000",
		"quoteQty": "22.80465000",
		"time": 1665734402443,
		"isBuyerMaker": false,
		"isBestMatch": true
	},
	{
		"id": 237,
		"price": "0.12195000",
		"qty": "197.00000000",
		"quoteQty": "24.02415000",
		"time": 1665734402467,
		"isBuyerMaker": false,
		"isBestMatch": true
	},
	{
		"id": 238,
		"price": "0.12195000",
		"qty": "2168.00000000",
		"quoteQty": "264.38760000",
		"time": 1665734402467,
		"isBuyerMaker": false,
		"isBestMatch": true
	},
	{
		"id": 239,
		"price": "0.12195000",
		"qty": "500.00000000",
		"quoteQty": "60.97500000",
		"time": 1665734402467,
		"isBuyerMaker": false,
		"isBestMatch": true
	},
	{
		"id": 240,
		"price": "0.12288000",
		"qty": "476.00000000",
		"quoteQty": "58.49088000",
		"time": 1665734402470,
		"isBuyerMaker": true,
		"isBestMatch": true
	},
	{
		"id": 241,
		"price": "0.12288000",
		"qty": "93.00000000",
		"quoteQty": "11.42784000",
		"time": 1665734402470,
		"isBuyerMaker": true,
		"isBestMatch": true
	},
	{
		"id": 242,
		"price": "0.11812000",
		"qty": "247.00000000",
		"quoteQty": "29.17564000",
		"time": 1665734402492,
		"isBuyerMaker": true,
		"isBestMatch": true
	},
	{
		"id": 243,
		"price": "0.12703000",
		"qty": "350.00000000",
		"quoteQty": "44.46050000",
		"time": 1665734402529,
		"isBuyerMaker": false,
		"isBestMatch": true
	},
	{
		"id": 244,
		"price": "0.12704000",
		"qty": "85.00000000",
		"quoteQty": "10.79840000",
		"time": 1665734402529,
		"isBuyerMaker": false,
		"isBestMatch": true
	},
	{
		"id": 245,
		"price": "0.12704000",
		"qty": "85.00000000",
		"quoteQty": "10.79840000",
		"time": 1665734402529,
		"isBuyerMaker": false,
		"isBestMatch": true
	},
	{
		"id": 246,
		"price": "0.12704000",
		"qty": "85.00000000",
		"quoteQty": "10.79840000",
		"time": 1665734402529,
		"isBuyerMaker": false,
		"isBestMatch": true
	},
	{
		"id": 247,
		"price": "0.12704000",
		"qty": "87.00000000",
		"quoteQty": "11.05248000",
		"time": 1665734402529,
		"isBuyerMaker": false,
		"isBestMatch": true
	},
	{
		"id": 248,
		"price": "0.12704000",
		"qty": "220.00000000",
		"quoteQty": "27.94880000",
		"time": 1665734402529,
		"isBuyerMaker": false,
		"isBestMatch": true
	},
	{
		"id": 249,
		"price": "0.12704000",
		"qty": "85.00000000",
		"quoteQty": "10.79840000",
		"time": 1665734402529,
		"isBuyerMaker": false,
		"isBestMatch": true
	},
	{
		"id": 250,
		"price": "0.12704000",
		"qty": "10.00000000",
		"quoteQty": "1.27040000",
		"time": 1665734402529,
		"isBuyerMaker": false,
		"isBestMatch": true
	},
	{
		"id": 251,
		"price": "0.11922000",
		"qty": "509.00000000",
		"quoteQty": "60.68298000",
		"time": 1665734402534,
		"isBuyerMaker": true,
		"isBestMatch": true
	},
	{
		"id": 252,
		"price": "0.11921000",
		"qty": "150.00000000",
		"quoteQty": "17.88150000",
		"time": 1665734402534,
		"isBuyerMaker": true,
		"isBestMatch": true
	},
	{
		"id": 253,
		"price": "0.12704000",
		"qty": "75.00000000",
		"quoteQty": "9.52800000",
		"time": 1665734402540,
		"isBuyerMaker": false,
		"isBestMatch": true
	},
	{
		"id": 254,
		"price": "0.12704000",
		"qty": "85.00000000",
		"quoteQty": "10.79840000",
		"time": 1665734402540,
		"isBuyerMaker": false,
		"isBestMatch": true
	},
	{
		"id": 255,
		"price": "0.12704000",
		"qty": "87.00000000",
		"quoteQty": "11.05248000",
		"time": 1665734402540,
		"isBuyerMaker": false,
		"isBestMatch": true
	},
	{
		"id": 256,
		"price": "0.12704000",
		"qty": "62.00000000",
		"quoteQty": "7.87648000",
		"time": 1665734402540,
		"isBuyerMaker": false,
		"isBestMatch": true
	},
	{
		"id": 257,
		"price": "0.11921000",
		"qty": "719.00000000",
		"quoteQty": "85.71199000",
		"time": 1665734402560,
		"isBuyerMaker": true,
		"isBestMatch": true
	},
	{
		"id": 258,
		"price": "0.11921000",
		"qty": "379.00000000",
		"quoteQty": "45.18059000",
		"time": 1665734402565,
		"isBuyerMaker": true,
		"isBestMatch": true
	},
	{
		"id": 259,
		"price": "0.11921000",
		"qty": "426.00000000",
		"quoteQty": "50.78346000",
		"time": 1665734402577,
		"isBuyerMaker": true,
		"isBestMatch": true
	},
	{
		"id": 260,
		"price": "0.11855000",
		"qty": "449.00000000",
		"quoteQty": "53.22895000",
		"time": 1665734402577,
		"isBuyerMaker": true,
		"isBestMatch": true
	},
	{
		"id": 261,
		"price": "0.11855000",
		"qty": "449.00000000",
		"quoteQty": "53.22895000",
		"time": 1665734402577,
		"isBuyerMaker": true,
		"isBestMatch": true
	},
	{
		"id": 262,
		"price": "0.11855000",
		"qty": "449.00000000",
		"quoteQty": "53.22895000",
		"time": 1665734402577,
		"isBuyerMaker": true,
		"isBestMatch": true
	},
	{
		"id": 263,
		"price": "0.11855000",
		"qty": "449.00000000",
		"quoteQty": "53.22895000",
		"time": 1665734402577,
		"isBuyerMaker": true,
		"isBestMatch": true
	},
	{
		"id": 264,
		"price": "0.11855000",
		"qty": "449.00000000",
		"quoteQty": "53.22895000",
		"time": 1665734402577,
		"isBuyerMaker": true,
		"isBestMatch": true
	},
	{
		"id": 265,
		"price": "0.11855000",
		"qty": "449.00000000",
		"quoteQty": "53.22895000",
		"time": 1665734402577,
		"isBuyerMaker": true,
		"isBestMatch": true
	},
	{
		"id": 266,
		"price": "0.11855000",
		"qty": "61.00000000",
		"quoteQty": "7.23155000",
		"time": 1665734402577,
		"isBuyerMaker": true,
		"isBestMatch": true
	},
	{
		"id": 267,
		"price": "0.12704000",
		"qty": "23.00000000",
		"quoteQty": "2.92192000",
		"time": 1665734402585,
		"isBuyerMaker": false,
		"isBestMatch": true
	},
	{
		"id": 268,
		"price": "0.12704000",
		"qty": "83.00000000",
		"quoteQty": "10.54432000",
		"time": 1665734402585,
		"isBuyerMaker": false,
		"isBestMatch": true
	},
	{
		"id": 269,
		"price": "0.12704000",
		"qty": "85.00000000",
		"quoteQty": "10.79840000",
		"time": 1665734402585,
		"isBuyerMaker": false,
		"isBestMatch": true
	},
	{
		"id": 270,
		"price": "0.12704000",
		"qty": "87.00000000",
		"quoteQty": "11.05248000",
		"time": 1665734402585,
		"isBuyerMaker": false,
		"isBestMatch": true
	},
	{
		"id": 271,
		"price": "0.12704000",
		"qty": "85.00000000",
		"quoteQty": "10.79840000",
		"time": 1665734402585,
		"isBuyerMaker": false,
		"isBestMatch": true
	},
	{
		"id": 272,
		"price": "0.12704000",
		"qty": "85.00000000",
		"quoteQty": "10.79840000",
		"time": 1665734402585,
		"isBuyerMaker": false,
		"isBestMatch": true
	},
	{
		"id": 273,
		"price": "0.12704000",
		"qty": "87.00000000",
		"quoteQty": "11.05248000",
		"time": 1665734402585,
		"isBuyerMaker": false,
		"isBestMatch": true
	},
	{
		"id": 274,
		"price": "0.12704000",
		"qty": "85.00000000",
		"quoteQty": "10.79840000",
		"time": 1665734402585,
		"isBuyerMaker": false,
		"isBestMatch": true
	},
	{
		"id": 275,
		"price": "0.12704000",
		"qty": "85.00000000",
		"quoteQty": "10.79840000",
		"time": 1665734402585,
		"isBuyerMaker": false,
		"isBestMatch": true
	},
	{
		"id": 276,
		"price": "0.12704000",
		"qty": "78.00000000",
		"quoteQty": "9.90912000",
		"time": 1665734402585,
		"isBuyerMaker": false,
		"isBestMatch": true
	},
	{
		"id": 277,
		"price": "0.11855000",
		"qty": "388.00000000",
		"quoteQty": "45.99740000",
		"time": 1665734402586,
		"isBuyerMaker": true,
		"isBestMatch": true
	},
	{
		"id": 278,
		"price": "0.11855000",
		"qty": "331.00000000",
		"quoteQty": "39.24005000",
		"time": 1665734402586,
		"isBuyerMaker": true,
		"isBestMatch": true
	},
	{
		"id": 279,
		"price": "0.11860000",
		"qty": "1355.00000000",
		"quoteQty": "160.70300000",
		"time": 1665734402614,
		"isBuyerMaker": true,
		"isBestMatch": true
	},
	{
		"id": 280,
		"price": "0.11860000",
		"qty": "1299.00000000",
		"quoteQty": "154.06140000",
		"time": 1665734402626,
		"isBuyerMaker": true,
		"isBestMatch": true
	},
	{
		"id": 281,
		"price": "0.11860000",
		"qty": "1096.00000000",
		"quoteQty": "129.98560000",
		"time": 1665734402628,
		"isBuyerMaker": true,
		"isBestMatch": true
	},
	{
		"id": 282,
		"price": "0.11860000",
		"qty": "1527.00000000",
		"quoteQty": "181.10220000",
		"time": 1665734402628,
		"isBuyerMaker": true,
		"isBestMatch": true
	},
	{
		"id": 283,
		"price": "0.11860000",
		"qty": "1104.00000000",
		"quoteQty": "130.93440000",
		"time": 1665734402629,
		"isBuyerMaker": true,
		"isBestMatch": true
	},
	{
		"id": 284,
		"price": "0.11860000",
		"qty": "100.00000000",
		"quoteQty": "11.86000000",
		"time": 1665734402635,
		"isBuyerMaker": true,
		"isBestMatch": true
	},
	{
		"id": 285,
		"price": "0.11855000",
		"qty": "118.00000000",
		"quoteQty": "13.98890000",
		"time": 1665734402635,
		"isBuyerMaker": true,
		"isBestMatch": true
	},
	{
		"id": 286,
		"price": "0.11855000",
		"qty": "449.00000000",
		"quoteQty": "53.22895000",
		"time": 1665734402635,
		"isBuyerMaker": true,
		"isBestMatch": true
	},
	{
		"id": 287,
		"price": "0.11855000",
		"qty": "437.00000000",
		"quoteQty": "51.80635000",
		"time": 1665734402635,
		"isBuyerMaker": true,
		"isBestMatch": true
	},
	{
		"id": 288,
		"price": "0.11855000",
		"qty": "11.00000000",
		"quoteQty": "1.30405000",
		"time": 1665734402636,
		"isBuyerMaker": true,
		"isBestMatch": true
	},
	{
		"id": 289,
		"price": "0.11810000",
		"qty": "522.00000000",
		"quoteQty": "61.64820000",
		"time": 1665734402636,
		"isBuyerMaker": true,
		"isBestMatch": true
	},
	{
		"id": 290,
		"price": "0.11810000",
		"qty": "245.00000000",
		"quoteQty": "28.93450000",
		"time": 1665734402636,
		"isBuyerMaker": true,
		"isBestMatch": true
	},
	{
		"id": 291,
		"price": "0.11861000",
		"qty": "375.00000000",
		"quoteQty": "44.47875000",
		"time": 1665734402644,
		"isBuyerMaker": true,
		"isBestMatch": true
	},
	{
		"id": 292,
		"price": "0.11861000",
		"qty": "621.00000000",
		"quoteQty": "73.65681000",
		"time": 1665734402644,
		"isBuyerMaker": true,
		"isBestMatch": true
	},
	{
		"id": 293,
		"price": "0.11861000",
		"qty": "2644.00000000",
		"quoteQty": "313.60484000",
		"time": 1665734402647,
		"isBuyerMaker": true,
		"isBestMatch": true
	},
	{
		"id": 294,
		"price": "0.11861000",
		"qty": "779.00000000",
		"quoteQty": "92.39719000",
		"time": 1665734402660,
		"isBuyerMaker": true,
		"isBestMatch": true
	},
	{
		"id": 295,
		"price": "0.11860000",
		"qty": "548.00000000",
		"quoteQty": "64.99280000",
		"time": 1665734402660,
		"isBuyerMaker": true,
		"isBestMatch": true
	},
	{
		"id": 296,
		"price": "0.11860000",
		"qty": "1274.00000000",
		"quoteQty": "151.09640000",
		"time": 1665734402697,
		"isBuyerMaker": true,
		"isBestMatch": true
	},
	{
		"id": 297,
		"price": "0.11810000",
		"qty": "277.00000000",
		"quoteQty": "32.71370000",
		"time": 1665734402697,
		"isBuyerMaker": true,
		"isBestMatch": true
	},
	{
		"id": 298,
		"price": "0.11810000",
		"qty": "522.00000000",
		"quoteQty": "61.64820000",
		"time": 1665734402697,
		"isBuyerMaker": true,
		"isBestMatch": true
	},
	{
		"id": 299,
		"price": "0.11810000",
		"qty": "522.00000000",
		"quoteQty": "61.64820000",
		"time": 1665734402697,
		"isBuyerMaker": true,
		"isBestMatch": true
	},
	{
		"id": 300,
		"price": "0.11810000",
		"qty": "263.00000000",
		"quoteQty": "31.06030000",
		"time": 1665734402697,
		"isBuyerMaker": true,
		"isBestMatch": true
	},
	{
		"id": 301,
		"price": "0.11945000",
		"qty": "168.00000000",
		"quoteQty": "20.06760000",
		"time": 1665734402715,
		"isBuyerMaker": false,
		"isBestMatch": true
	},
	{
		"id": 302,
		"price": "0.11945000",
		"qty": "168.00000000",
		"quoteQty": "20.06760000",
		"time": 1665734402715,
		"isBuyerMaker": false,
		"isBestMatch": true
	},
	{
		"id": 303,
		"price": "0.11945000",
		"qty": "168.00000000",
		"quoteQty": "20.06760000",
		"time": 1665734402715,
		"isBuyerMaker": false,
		"isBestMatch": true
	},
	{
		"id": 304,
		"price": "0.11945000",
		"qty": "168.00000000",
		"quoteQty": "20.06760000",
		"time": 1665734402715,
		"isBuyerMaker": false,
		"isBestMatch": true
	},
	{
		"id": 305,
		"price": "0.11945000",
		"qty": "168.00000000",
		"quoteQty": "20.06760000",
		"time": 1665734402715,
		"isBuyerMaker": false,
		"isBestMatch": true
	},
	{
		"id": 306,
		"price": "0.11945000",
		"qty": "168.00000000",
		"quoteQty": "20.06760000",
		"time": 1665734402715,
		"isBuyerMaker": false,
		"isBestMatch": true
	},
	{
		"id": 307,
		"price": "0.11945000",
		"qty": "168.00000000",
		"quoteQty": "20.06760000",
		"time": 1665734402715,
		"isBuyerMaker": false,
		"isBestMatch": true
	},
	{
		"id": 308,
		"price": "0.11945000",
		"qty": "168.00000000",
		"quoteQty": "20.06760000",
		"time": 1665734402715,
		"isBuyerMaker": false,
		"isBestMatch": true
	},
	{
		"id": 309,
		"price": "0.11945000",
		"qty": "168.00000000",
		"quoteQty": "20.06760000",
		"time": 1665734402715,
		"isBuyerMaker": false,
		"isBestMatch": true
	},
	{
		"id": 310,
		"price": "0.11945000",
		"qty": "162.00000000",
		"quoteQty": "19.35090000",
		"time": 1665734402715,
		"isBuyerMaker": false,
		"isBestMatch": true
	},
	{
		"id": 311,
		"price": "0.12703000",
		"qty": "1741.00000000",
		"quoteQty": "221.15923000",
		"time": 1665734402715,
		"isBuyerMaker": false,
		"isBestMatch": true
	},
	{
		"id": 312,
		"price": "0.12703000",
		"qty": "509.00000000",
		"quoteQty": "64.65827000",
		"time": 1665734402715,
		"isBuyerMaker": false,
		"isBestMatch": true
	},
	{
		"id": 313,
		"price": "0.12704000",
		"qty": "5.00000000",
		"quoteQty": "0.63520000",
		"time": 1665734402715,
		"isBuyerMaker": false,
		"isBestMatch": true
	},
	{
		"id": 314,
		"price": "0.12704000",
		"qty": "85.00000000",
		"quoteQty": "10.79840000",
		"time": 1665734402715,
		"isBuyerMaker": false,
		"isBestMatch": true
	},
	{
		"id": 315,
		"price": "0.12704000",
		"qty": "85.00000000",
		"quoteQty": "10.79840000",
		"time": 1665734402715,
		"isBuyerMaker": false,
		"isBestMatch": true
	},
	{
		"id": 316,
		"price": "0.12704000",
		"qty": "85.00000000",
		"quoteQty": "10.79840000",
		"time": 1665734402715,
		"isBuyerMaker": false,
		"isBestMatch": true
	},
	{
		"id": 317,
		"price": "0.12704000",
		"qty": "85.00000000",
		"quoteQty": "10.79840000",
		"time": 1665734402715,
		"isBuyerMaker": false,
		"isBestMatch": true
	},
	{
		"id": 318,
		"price": "0.12704000",
		"qty": "85.00000000",
		"quoteQty": "10.79840000",
		"time": 1665734402715,
		"isBuyerMaker": false,
		"isBestMatch": true
	},
	{
		"id": 319,
		"price": "0.12704000",
		"qty": "85.00000000",
		"quoteQty": "10.79840000",
		"time": 1665734402715,
		"isBuyerMaker": false,
		"isBestMatch": true
	},
	{
		"id": 320,
		"price": "0.12704000",
		"qty": "85.00000000",
		"quoteQty": "10.79840000",
		"time": 1665734402715,
		"isBuyerMaker": false,
		"isBestMatch": true
	},
	{
		"id": 321,
		"price": "0.12704000",
		"qty": "85.00000000",
		"quoteQty": "10.79840000",
		"time": 1665734402715,
		"isBuyerMaker": false,
		"isBestMatch": true
	},
	{
		"id": 322,
		"price": "0.12704000",
		"qty": "79.00000000",
		"quoteQty": "10.03616000",
		"time": 1665734402715,
		"isBuyerMaker": false,
		"isBestMatch": true
	},
	{
		"id": 323,
		"price": "0.12704000",
		"qty": "79.00000000",
		"quoteQty": "10.03616000",
		"time": 1665734402715,
		"isBuyerMaker": false,
		"isBestMatch": true
	},
	{
		"id": 324,
		"price": "0.12791000",
		"qty": "55.00000000",
		"quoteQty": "7.03505000",
		"time": 1665734402715,
		"isBuyerMaker": false,
		"isBestMatch": true
	},
	{
		"id": 325,
		"price": "0.11810000",
		"qty": "259.00000000",
		"quoteQty": "30.58790000",
		"time": 1665734402723,
		"isBuyerMaker": true,
		"isBestMatch": true
	},
	{
		"id": 326,
		"price": "0.11810000",
		"qty": "171.00000000",
		"quoteQty": "20.19510000",
		"time": 1665734402723,
		"isBuyerMaker": true,
		"isBestMatch": true
	},
	{
		"id": 327,
		"price": "0.11810000",
		"qty": "351.00000000",
		"quoteQty": "41.45310000",
		"time": 1665734402727,
		"isBuyerMaker": true,
		"isBestMatch": true
	},
	{
		"id": 328,
		"price": "0.11810000",
		"qty": "522.00000000",
		"quoteQty": "61.64820000",
		"time": 1665734402727,
		"isBuyerMaker": true,
		"isBestMatch": true
	},
	{
		"id": 329,
		"price": "0.11810000",
		"qty": "466.00000000",
		"quoteQty": "55.03460000",
		"time": 1665734402727,
		"isBuyerMaker": true,
		"isBestMatch": true
	},
	{
		"id": 330,
		"price": "0.11877000",
		"qty": "311.00000000",
		"quoteQty": "36.93747000",
		"time": 1665734402874,
		"isBuyerMaker": true,
		"isBestMatch": true
	},
	{
		"id": 331,
		"price": "0.11877000",
		"qty": "303.00000000",
		"quoteQty": "35.98731000",
		"time": 1665734402874,
		"isBuyerMaker": true,
		"isBestMatch": true
	},
	{
		"id": 332,
		"price": "0.12791000",
		"qty": "289.00000000",
		"quoteQty": "36.96599000",
		"time": 1665734402876,
		"isBuyerMaker": false,
		"isBestMatch": true
	},
	{
		"id": 333,
		"price": "0.12791000",
		"qty": "344.00000000",
		"quoteQty": "44.00104000",
		"time": 1665734402876,
		"isBuyerMaker": false,
		"isBestMatch": true
	},
	{
		"id": 334,
		"price": "0.12791000",
		"qty": "344.00000000",
		"quoteQty": "44.00104000",
		"time": 1665734402876,
		"isBuyerMaker": false,
		"isBestMatch": true
	},
	{
		"id": 335,
		"price": "0.12791000",
		"qty": "344.00000000",
		"quoteQty": "44.00104000",
		"time": 1665734402876,
		"isBuyerMaker": false,
		"isBestMatch": true
	},
	{
		"id": 336,
		"price": "0.12791000",
		"qty": "344.00000000",
		"quoteQty": "44.00104000",
		"time": 1665734402876,
		"isBuyerMaker": false,
		"isBestMatch": true
	},
	{
		"id": 337,
		"price": "0.12791000",
		"qty": "344.00000000",
		"quoteQty": "44.00104000",
		"time": 1665734402876,
		"isBuyerMaker": false,
		"isBestMatch": true
	},
	{
		"id": 338,
		"price": "0.12791000",
		"qty": "344.00000000",
		"quoteQty": "44.00104000",
		"time": 1665734402876,
		"isBuyerMaker": false,
		"isBestMatch": true
	},
	{
		"id": 339,
		"price": "0.12791000",
		"qty": "344.00000000",
		"quoteQty": "44.00104000",
		"time": 1665734402876,
		"isBuyerMaker": false,
		"isBestMatch": true
	},
	{
		"id": 340,
		"price": "0.12791000",
		"qty": "344.00000000",
		"quoteQty": "44.00104000",
		"time": 1665734402876,
		"isBuyerMaker": false,
		"isBestMatch": true
	},
	{
		"id": 341,
		"price": "0.12791000",
		"qty": "338.00000000",
		"quoteQty": "43.23358000",
		"time": 1665734402876,
		"isBuyerMaker": false,
		"isBestMatch": true
	},
	{
		"id": 342,
		"price": "0.12808000",
		"qty": "649.00000000",
		"quoteQty": "83.12392000",
		"time": 1665734402876,
		"isBuyerMaker": false,
		"isBestMatch": true
	},
	{
		"id": 343,
		"price": "0.12808000",
		"qty": "649.00000000",
		"quoteQty": "83.12392000",
		"time": 1665734402876,
		"isBuyerMaker": false,
		"isBestMatch": true
	},
	{
		"id": 344,
		"price": "0.12808000",
		"qty": "649.00000000",
		"quoteQty": "83.12392000",
		"time": 1665734402876,
		"isBuyerMaker": false,
		"isBestMatch": true
	},
	{
		"id": 345,
		"price": "0.12808000",
		"qty": "649.00000000",
		"quoteQty": "83.12392000",
		"time": 1665734402876,
		"isBuyerMaker": false,
		"isBestMatch": true
	},
	{
		"id": 346,
		"price": "0.12808000",
		"qty": "649.00000000",
		"quoteQty": "83.12392000",
		"time": 1665734402876,
		"isBuyerMaker": false,
		"isBestMatch": true
	},
	{
		"id": 347,
		"price": "0.12808000",
		"qty": "649.00000000",
		"quoteQty": "83.12392000",
		"time": 1665734402876,
		"isBuyerMaker": false,
		"isBestMatch": true
	},
	{
		"id": 348,
		"price": "0.12808000",
		"qty": "649.00000000",
		"quoteQty": "83.12392000",
		"time": 1665734402876,
		"isBuyerMaker": false,
		"isBestMatch": true
	},
	{
		"id": 349,
		"price": "0.12808000",
		"qty": "649.00000000",
		"quoteQty": "83.12392000",
		"time": 1665734402876,
		"isBuyerMaker": false,
		"isBestMatch": true
	},
	{
		"id": 350,
		"price": "0.12808000",
		"qty": "649.00000000",
		"quoteQty": "83.12392000",
		"time": 1665734402876,
		"isBuyerMaker": false,
		"isBestMatch": true
	},
	{
		"id": 351,
		"price": "0.12808000",
		"qty": "640.00000000",
		"quoteQty": "81.97120000",
		"time": 1665734402876,
		"isBuyerMaker": false,
		"isBestMatch": true
	},
	{
		"id": 352,
		"price": "0.13000000",
		"qty": "20.00000000",
		"quoteQty": "2.60000000",
		"time": 1665734402876,
		"isBuyerMaker": false,
		"isBestMatch": true
	},
	{
		"id": 353,
		"price": "0.13000000",
		"qty": "153.00000000",
		"quoteQty": "19.89000000",
		"time": 1665734402879,
		"isBuyerMaker": false,
		"isBestMatch": true
	},
	{
		"id": 354,
		"price": "0.13000000",
		"qty": "298.00000000",
		"quoteQty": "38.74000000",
		"time": 1665734402896,
		"isBuyerMaker": false,
		"isBestMatch": true
	},
	{
		"id": 355,
		"price": "0.13337000",
		"qty": "637.00000000",
		"quoteQty": "84.95669000",
		"time": 1665734402896,
		"isBuyerMaker": false,
		"isBestMatch": true
	},
	{
		"id": 356,
		"price": "0.13600000",
		"qty": "1196.00000000",
		"quoteQty": "162.65600000",
		"time": 1665734402896,
		"isBuyerMaker": false,
		"isBestMatch": true
	},
	{
		"id": 357,
		"price": "0.11758000",
		"qty": "547.00000000",
		"quoteQty": "64.31626000",
		"time": 1665734402899,
		"isBuyerMaker": true,
		"isBestMatch": true
	},
	{
		"id": 358,
		"price": "0.11757000",
		"qty": "67.00000000",
		"quoteQty": "7.87719000",
		"time": 1665734402899,
		"isBuyerMaker": true,
		"isBestMatch": true
	},
	{
		"id": 359,
		"price": "0.11969000",
		"qty": "84.00000000",
		"quoteQty": "10.05396000",
		"time": 1665734402908,
		"isBuyerMaker": true,
		"isBestMatch": true
	},
	{
		"id": 360,
		"price": "0.11969000",
		"qty": "82.00000000",
		"quoteQty": "9.81458000",
		"time": 1665734402908,
		"isBuyerMaker": true,
		"isBestMatch": true
	},
	{
		"id": 361,
		"price": "0.11757000",
		"qty": "63.00000000",
		"quoteQty": "7.40691000",
		"time": 1665734402908,
		"isBuyerMaker": true,
		"isBestMatch": true
	},
	{
		"id": 362,
		"price": "0.12040000",
		"qty": "464.00000000",
		"quoteQty": "55.86560000",
		"time": 1665734402928,
		"isBuyerMaker": true,
		"isBestMatch": true
	},
	{
		"id": 363,
		"price": "0.12040000",
		"qty": "562.00000000",
		"quoteQty": "67.66480000",
		"time": 1665734402951,
		"isBuyerMaker": true,
		"isBestMatch": true
	},
	{
		"id": 364,
		"price": "0.11970000",
		"qty": "400.00000000",
		"quoteQty": "47.88000000",
		"time": 1665734402964,
		"isBuyerMaker": true,
		"isBestMatch": true
	},
	{
		"id": 365,
		"price": "0.11970000",
		"qty": "10.00000000",
		"quoteQty": "1.19700000",
		"time": 1665734402964,
		"isBuyerMaker": true,
		"isBestMatch": true
	},
	{
		"id": 366,
		"price": "0.11970000",
		"qty": "362.00000000",
		"quoteQty": "43.33140000",
		"time": 1665734402990,
		"isBuyerMaker": true,
		"isBestMatch": true
	},
	{
		"id": 367,
		"price": "0.11877000",
		"qty": "380.00000000",
		"quoteQty": "45.13260000",
		"time": 1665734402990,
		"isBuyerMaker": true,
		"isBestMatch": true
	},
	{
		"id": 368,
		"price": "0.11877000",
		"qty": "380.00000000",
		"quoteQty": "45.13260000",
		"time": 1665734402990,
		"isBuyerMaker": true,
		"isBestMatch": true
	},
	{
		"id": 369,
		"price": "0.11877000",
		"qty": "380.00000000",
		"quoteQty": "45.13260000",
		"time": 1665734402990,
		"isBuyerMaker": true,
		"isBestMatch": true
	},
	{
		"id": 370,
		"price": "0.11877000",
		"qty": "380.00000000",
		"quoteQty": "45.13260000",
		"time": 1665734402990,
		"isBuyerMaker": true,
		"isBestMatch": true
	},
	{
		"id": 371,
		"price": "0.11877000",
		"qty": "380.00000000",
		"quoteQty": "45.13260000",
		"time": 1665734402990,
		"isBuyerMaker": true,
		"isBestMatch": true
	},
	{
		"id": 372,
		"price": "0.11877000",
		"qty": "380.00000000",
		"quoteQty": "45.13260000",
		"time": 1665734402990,
		"isBuyerMaker": true,
		"isBestMatch": true
	},
	{
		"id": 373,
		"price": "0.11877000",
		"qty": "380.00000000",
		"quoteQty": "45.13260000",
		"time": 1665734402990,
		"isBuyerMaker": true,
		"isBestMatch": true
	},
	{
		"id": 374,
		"price": "0.11877000",
		"qty": "380.00000000",
		"quoteQty": "45.13260000",
		"time": 1665734402990,
		"isBuyerMaker": true,
		"isBestMatch": true
	},
	{
		"id": 375,
		"price": "0.11877000",
		"qty": "380.00000000",
		"quoteQty": "45.13260000",
		"time": 1665734402990,
		"isBuyerMaker": true,
		"isBestMatch": true
	},
	{
		"id": 376,
		"price": "0.11877000",
		"qty": "377.00000000",
		"quoteQty": "44.77629000",
		"time": 1665734402990,
		"isBuyerMaker": true,
		"isBestMatch": true
	},
	{
		"id": 377,
		"price": "0.11801000",
		"qty": "620.00000000",
		"quoteQty": "73.16620000",
		"time": 1665734402990,
		"isBuyerMaker": true,
		"isBestMatch": true
	},
	{
		"id": 378,
		"price": "0.11801000",
		"qty": "2544.00000000",
		"quoteQty": "300.21744000",
		"time": 1665734403012,
		"isBuyerMaker": true,
		"isBestMatch": true
	},
	{
		"id": 379,
		"price": "0.12206000",
		"qty": "741.00000000",
		"quoteQty": "90.44646000",
		"time": 1665734403022,
		"isBuyerMaker": false,
		"isBestMatch": true
	},
	{
		"id": 380,
		"price": "0.12207000",
		"qty": "279.00000000",
		"quoteQty": "34.05753000",
		"time": 1665734403022,
		"isBuyerMaker": false,
		"isBestMatch": true
	},
	{
		"id": 381,
		"price": "0.12208000",
		"qty": "84.00000000",
		"quoteQty": "10.25472000",
		"time": 1665734403022,
		"isBuyerMaker": false,
		"isBestMatch": true
	},
	{
		"id": 382,
		"price": "0.12208000",
		"qty": "82.00000000",
		"quoteQty": "10.01056000",
		"time": 1665734403022,
		"isBuyerMaker": false,
		"isBestMatch": true
	},
	{
		"id": 383,
		"price": "0.12704000",
		"qty": "130.00000000",
		"quoteQty": "16.51520000",
		"time": 1665734403022,
		"isBuyerMaker": false,
		"isBestMatch": true
	},
	{
		"id": 384,
		"price": "0.12852000",
		"qty": "1026.00000000",
		"quoteQty": "131.86152000",
		"time": 1665734403022,
		"isBuyerMaker": false,
		"isBestMatch": true
	},
	{
		"id": 385,
		"price": "0.13148000",
		"qty": "6.00000000",
		"quoteQty": "0.78888000",
		"time": 1665734403022,
		"isBuyerMaker": false,
		"isBestMatch": true
	},
	{
		"id": 386,
		"price": "0.11801000",
		"qty": "1315.00000000",
		"quoteQty": "155.18315000",
		"time": 1665734403024,
		"isBuyerMaker": true,
		"isBestMatch": true
	},
	{
		"id": 387,
		"price": "0.11801000",
		"qty": "1870.00000000",
		"quoteQty": "220.67870000",
		"time": 1665734403028,
		"isBuyerMaker": true,
		"isBestMatch": true
	},
	{
		"id": 388,
		"price": "0.11757000",
		"qty": "170.00000000",
		"quoteQty": "19.98690000",
		"time": 1665734403033,
		"isBuyerMaker": true,
		"isBestMatch": true
	},
	{
		"id": 389,
		"price": "0.11757000",
		"qty": "170.00000000",
		"quoteQty": "19.98690000",
		"time": 1665734403033,
		"isBuyerMaker": true,
		"isBestMatch": true
	},
	{
		"id": 390,
		"price": "0.11757000",
		"qty": "170.00000000",
		"quoteQty": "19.98690000",
		"time": 1665734403033,
		"isBuyerMaker": true,
		"isBestMatch": true
	},
	{
		"id": 391,
		"price": "0.11757000",
		"qty": "170.00000000",
		"quoteQty": "19.98690000",
		"time": 1665734403033,
		"isBuyerMaker": true,
		"isBestMatch": true
	},
	{
		"id": 392,
		"price": "0.11757000",
		"qty": "170.00000000",
		"quoteQty": "19.98690000",
		"time": 1665734403033,
		"isBuyerMaker": true,
		"isBestMatch": true
	},
	{
		"id": 393,
		"price": "0.11757000",
		"qty": "170.00000000",
		"quoteQty": "19.98690000",
		"time": 1665734403033,
		"isBuyerMaker": true,
		"isBestMatch": true
	},
	{
		"id": 394,
		"price": "0.11757000",
		"qty": "170.00000000",
		"quoteQty": "19.98690000",
		"time": 1665734403033,
		"isBuyerMaker": true,
		"isBestMatch": true
	},
	{
		"id": 395,
		"price": "0.11757000",
		"qty": "170.00000000",
		"quoteQty": "19.98690000",
		"time": 1665734403033,
		"isBuyerMaker": true,
		"isBestMatch": true
	},
	{
		"id": 396,
		"price": "0.11757000",
		"qty": "170.00000000",
		"quoteQty": "19.98690000",
		"time": 1665734403033,
		"isBuyerMaker": true,
		"isBestMatch": true
	},
	{
		"id": 397,
		"price": "0.11757000",
		"qty": "168.00000000",
		"quoteQty": "19.75176000",
		"time": 1665734403033,
		"isBuyerMaker": true,
		"isBestMatch": true
	},
	{
		"id": 398,
		"price": "0.11740000",
		"qty": "2699.00000000",
		"quoteQty": "316.86260000",
		"time": 1665734403033,
		"isBuyerMaker": true,
		"isBestMatch": true
	},
	{
		"id": 399,
		"price": "0.11712000",
		"qty": "6392.00000000",
		"quoteQty": "748.63104000",
		"time": 1665734403033,
		"isBuyerMaker": true,
		"isBestMatch": true
	},
	{
		"id": 400,
		"price": "0.11641000",
		"qty": "315.00000000",
		"quoteQty": "36.66915000",
		"time": 1665734403033,
		"isBuyerMaker": true,
		"isBestMatch": true
	},
	{
		"id": 401,
		"price": "0.11641000",
		"qty": "388.00000000",
		"quoteQty": "45.16708000",
		"time": 1665734403033,
		"isBuyerMaker": true,
		"isBestMatch": true
	},
	{
		"id": 402,
		"price": "0.11641000",
		"qty": "315.00000000",
		"quoteQty": "36.66915000",
		"time": 1665734403033,
		"isBuyerMaker": true,
		"isBestMatch": true
	},
	{
		"id": 403,
		"price": "0.11641000",
		"qty": "388.00000000",
		"quoteQty": "45.16708000",
		"time": 1665734403033,
		"isBuyerMaker": true,
		"isBestMatch": true
	},
	{
		"id": 404,
		"price": "0.11641000",
		"qty": "315.00000000",
		"quoteQty": "36.66915000",
		"time": 1665734403033,
		"isBuyerMaker": true,
		"isBestMatch": true
	},
	{
		"id": 405,
		"price": "0.11641000",
		"qty": "388.00000000",
		"quoteQty": "45.16708000",
		"time": 1665734403033,
		"isBuyerMaker": true,
		"isBestMatch": true
	},
	{
		"id": 406,
		"price": "0.11641000",
		"qty": "315.00000000",
		"quoteQty": "36.66915000",
		"time": 1665734403033,
		"isBuyerMaker": true,
		"isBestMatch": true
	},
	{
		"id": 407,
		"price": "0.11641000",
		"qty": "388.00000000",
		"quoteQty": "45.16708000",
		"time": 1665734403033,
		"isBuyerMaker": true,
		"isBestMatch": true
	},
	{
		"id": 408,
		"price": "0.11641000",
		"qty": "315.00000000",
		"quoteQty": "36.66915000",
		"time": 1665734403033,
		"isBuyerMaker": true,
		"isBestMatch": true
	},
	{
		"id": 409,
		"price": "0.11641000",
		"qty": "388.00000000",
		"quoteQty": "45.16708000",
		"time": 1665734403033,
		"isBuyerMaker": true,
		"isBestMatch": true
	},
	{
		"id": 410,
		"price": "0.11641000",
		"qty": "315.00000000",
		"quoteQty": "36.66915000",
		"time": 1665734403033,
		"isBuyerMaker": true,
		"isBestMatch": true
	},
	{
		"id": 411,
		"price": "0.11641000",
		"qty": "388.00000000",
		"quoteQty": "45.16708000",
		"time": 1665734403033,
		"isBuyerMaker": true,
		"isBestMatch": true
	},
	{
		"id": 412,
		"price": "0.11641000",
		"qty": "315.00000000",
		"quoteQty": "36.66915000",
		"time": 1665734403033,
		"isBuyerMaker": true,
		"isBestMatch": true
	},
	{
		"id": 413,
		"price": "0.11641000",
		"qty": "388.00000000",
		"quoteQty": "45.16708000",
		"time": 1665734403033,
		"isBuyerMaker": true,
		"isBestMatch": true
	},
	{
		"id": 414,
		"price": "0.11641000",
		"qty": "315.00000000",
		"quoteQty": "36.66915000",
		"time": 1665734403033,
		"isBuyerMaker": true,
		"isBestMatch": true
	},
	{
		"id": 415,
		"price": "0.11641000",
		"qty": "388.00000000",
		"quoteQty": "45.16708000",
		"time": 1665734403033,
		"isBuyerMaker": true,
		"isBestMatch": true
	},
	{
		"id": 416,
		"price": "0.11641000",
		"qty": "315.00000000",
		"quoteQty": "36.66915000",
		"time": 1665734403033,
		"isBuyerMaker": true,
		"isBestMatch": true
	},
	{
		"id": 417,
		"price": "0.11641000",
		"qty": "388.00000000",
		"quoteQty": "45.16708000",
		"time": 1665734403033,
		"isBuyerMaker": true,
		"isBestMatch": true
	},
	{
		"id": 418,
		"price": "0.11641000",
		"qty": "305.00000000",
		"quoteQty": "35.50505000",
		"time": 1665734403033,
		"isBuyerMaker": true,
		"isBestMatch": true
	},
	{
		"id": 419,
		"price": "0.11641000",
		"qty": "383.00000000",
		"quoteQty": "44.58503000",
		"time": 1665734403033,
		"isBuyerMaker": true,
		"isBestMatch": true
	},
	{
		"id": 420,
		"price": "0.11624000",
		"qty": "858.00000000",
		"quoteQty": "99.73392000",
		"time": 1665734403033,
		"isBuyerMaker": true,
		"isBestMatch": true
	},
	{
		"id": 421,
		"price": "0.11594000",
		"qty": "87.00000000",
		"quoteQty": "10.08678000",
		"time": 1665734403033,
		"isBuyerMaker": true,
		"isBestMatch": true
	},
	{
		"id": 422,
		"price": "0.11594000",
		"qty": "87.00000000",
		"quoteQty": "10.08678000",
		"time": 1665734403033,
		"isBuyerMaker": true,
		"isBestMatch": true
	},
	{
		"id": 423,
		"price": "0.11594000",
		"qty": "87.00000000",
		"quoteQty": "10.08678000",
		"time": 1665734403033,
		"isBuyerMaker": true,
		"isBestMatch": true
	},
	{
		"id": 424,
		"price": "0.11594000",
		"qty": "87.00000000",
		"quoteQty": "10.08678000",
		"time": 1665734403033,
		"isBuyerMaker": true,
		"isBestMatch": true
	},
	{
		"id": 425,
		"price": "0.11594000",
		"qty": "82.00000000",
		"quoteQty": "9.50708000",
		"time": 1665734403033,
		"isBuyerMaker": true,
		"isBestMatch": true
	},
	{
		"id": 426,
		"price": "0.11567000",
		"qty": "25890.00000000",
		"quoteQty": "2994.69630000",
		"time": 1665734403033,
		"isBuyerMaker": true,
		"isBestMatch": true
	},
	{
		"id": 427,
		"price": "0.11535000",
		"qty": "4327.00000000",
		"quoteQty": "499.11945000",
		"time": 1665734403033,
		"isBuyerMaker": true,
		"isBestMatch": true
	},
	{
		"id": 428,
		"price": "0.11522000",
		"qty": "174.00000000",
		"quoteQty": "20.04828000",
		"time": 1665734403033,
		"isBuyerMaker": true,
		"isBestMatch": true
	},
	{
		"id": 429,
		"price": "0.11522000",
		"qty": "174.00000000",
		"quoteQty": "20.04828000",
		"time": 1665734403033,
		"isBuyerMaker": true,
		"isBestMatch": true
	},
	{
		"id": 430,
		"price": "0.11522000",
		"qty": "174.00000000",
		"quoteQty": "20.04828000",
		"time": 1665734403033,
		"isBuyerMaker": true,
		"isBestMatch": true
	},
	{
		"id": 431,
		"price": "0.11522000",
		"qty": "174.00000000",
		"quoteQty": "20.04828000",
		"time": 1665734403033,
		"isBuyerMaker": true,
		"isBestMatch": true
	},
	{
		"id": 432,
		"price": "0.11522000",
		"qty": "174.00000000",
		"quoteQty": "20.04828000",
		"time": 1665734403033,
		"isBuyerMaker": true,
		"isBestMatch": true
	},
	{
		"id": 433,
		"price": "0.11522000",
		"qty": "174.00000000",
		"quoteQty": "20.04828000",
		"time": 1665734403033,
		"isBuyerMaker": true,
		"isBestMatch": true
	},
	{
		"id": 434,
		"price": "0.11522000",
		"qty": "174.00000000",
		"quoteQty": "20.04828000",
		"time": 1665734403033,
		"isBuyerMaker": true,
		"isBestMatch": true
	},
	{
		"id": 435,
		"price": "0.11522000",
		"qty": "174.00000000",
		"quoteQty": "20.04828000",
		"time": 1665734403033,
		"isBuyerMaker": true,
		"isBestMatch": true
	},
	{
		"id": 436,
		"price": "0.11522000",
		"qty": "174.00000000",
		"quoteQty": "20.04828000",
		"time": 1665734403033,
		"isBuyerMaker": true,
		"isBestMatch": true
	},
	{
		"id": 437,
		"price": "0.11522000",
		"qty": "166.00000000",
		"quoteQty": "19.12652000",
		"time": 1665734403033,
		"isBuyerMaker": true,
		"isBestMatch": true
	},
	{
		"id": 438,
		"price": "0.11511000",
		"qty": "1734.00000000",
		"quoteQty": "199.60074000",
		"time": 1665734403033,
		"isBuyerMaker": true,
		"isBestMatch": true
	},
	{
		"id": 439,
		"price": "0.11405000",
		"qty": "2625.00000000",
		"quoteQty": "299.38125000",
		"time": 1665734403033,
		"isBuyerMaker": true,
		"isBestMatch": true
	},
	{
		"id": 440,
		"price": "0.11326000",
		"qty": "6992.00000000",
		"quoteQty": "791.91392000",
		"time": 1665734403033,
		"isBuyerMaker": true,
		"isBestMatch": true
	},
	{
		"id": 441,
		"price": "0.11280000",
		"qty": "17699.00000000",
		"quoteQty": "1996.44720000",
		"time": 1665734403033,
		"isBuyerMaker": true,
		"isBestMatch": true
	},
	{
		"id": 442,
		"price": "0.11280000",
		"qty": "7964.00000000",
		"quoteQty": "898.33920000",
		"time": 1665734403033,
		"isBuyerMaker": true,
		"isBestMatch": true
	},
	{
		"id": 443,
		"price": "0.11267000",
		"qty": "17573.00000000",
		"quoteQty": "1979.94991000",
		"time": 1665734403033,
		"isBuyerMaker": true,
		"isBestMatch": true
	},
	{
		"id": 444,
		"price": "0.11251000",
		"qty": "44441.00000000",
		"quoteQty": "5000.05691000",
		"time": 1665734403033,
		"isBuyerMaker": true,
		"isBestMatch": true
	},
	{
		"id": 445,
		"price": "0.11250000",
		"qty": "886.00000000",
		"quoteQty": "99.67500000",
		"time": 1665734403033,
		"isBuyerMaker": true,
		"isBestMatch": true
	},
	{
		"id": 446,
		"price": "0.11232000",
		"qty": "2666.00000000",
		"quoteQty": "299.44512000",
		"time": 1665734403033,
		"isBuyerMaker": true,
		"isBestMatch": true
	},
	{
		"id": 447,
		"price": "0.11225000",
		"qty": "26679.00000000",
		"quoteQty": "2994.71775000",
		"time": 1665734403033,
		"isBuyerMaker": true,
		"isBestMatch": true
	},
	{
		"id": 448,
		"price": "0.11111000",
		"qty": "4042.00000000",
		"quoteQty": "449.10662000",
		"time": 1665734403033,
		"isBuyerMaker": true,
		"isBestMatch": true
	},
	{
		"id": 449,
		"price": "0.11050000",
		"qty": "205.00000000",
		"quoteQty": "22.65250000",
		"time": 1665734403033,
		"isBuyerMaker": true,
		"isBestMatch": true
	},
	{
		"id": 450,
		"price": "0.11030000",
		"qty": "17951.00000000",
		"quoteQty": "1979.99530000",
		"time": 1665734403033,
		"isBuyerMaker": true,
		"isBestMatch": true
	},
	{
		"id": 451,
		"price": "0.11005000",
		"qty": "26987.00000000",
		"quoteQty": "2969.91935000",
		"time": 1665734403033,
		"isBuyerMaker": true,
		"isBestMatch": true
	},
	{
		"id": 452,
		"price": "0.11004000",
		"qty": "91.00000000",
		"quoteQty": "10.01364000",
		"time": 1665734403033,
		"isBuyerMaker": true,
		"isBestMatch": true
	},
	{
		"id": 453,
		"price": "0.11004000",
		"qty": "91.00000000",
		"quoteQty": "10.01364000",
		"time": 1665734403033,
		"isBuyerMaker": true,
		"isBestMatch": true
	},
	{
		"id": 454,
		"price": "0.11004000",
		"qty": "91.00000000",
		"quoteQty": "10.01364000",
		"time": 1665734403033,
		"isBuyerMaker": true,
		"isBestMatch": true
	},
	{
		"id": 455,
		"price": "0.11004000",
		"qty": "91.00000000",
		"quoteQty": "10.01364000",
		"time": 1665734403033,
		"isBuyerMaker": true,
		"isBestMatch": true
	},
	{
		"id": 456,
		"price": "0.11004000",
		"qty": "91.00000000",
		"quoteQty": "10.01364000",
		"time": 1665734403033,
		"isBuyerMaker": true,
		"isBestMatch": true
	},
	{
		"id": 457,
		"price": "0.11004000",
		"qty": "91.00000000",
		"quoteQty": "10.01364000",
		"time": 1665734403033,
		"isBuyerMaker": true,
		"isBestMatch": true
	},
	{
		"id": 458,
		"price": "0.11004000",
		"qty": "91.00000000",
		"quoteQty": "10.01364000",
		"time": 1665734403033,
		"isBuyerMaker": true,
		"isBestMatch": true
	},
	{
		"id": 459,
		"price": "0.11004000",
		"qty": "91.00000000",
		"quoteQty": "10.01364000",
		"time": 1665734403033,
		"isBuyerMaker": true,
		"isBestMatch": true
	},
	{
		"id": 460,
		"price": "0.11004000",
		"qty": "91.00000000",
		"quoteQty": "10.01364000",
		"time": 1665734403033,
		"isBuyerMaker": true,
		"isBestMatch": true
	},
	{
		"id": 461,
		"price": "0.11004000",
		"qty": "88.00000000",
		"quoteQty": "9.68352000",
		"time": 1665734403033,
		"isBuyerMaker": true,
		"isBestMatch": true
	},
	{
		"id": 462,
		"price": "0.11001000",
		"qty": "776.00000000",
		"quoteQty": "85.36776000",
		"time": 1665734403033,
		"isBuyerMaker": true,
		"isBestMatch": true
	},
	{
		"id": 463,
		"price": "0.10942000",
		"qty": "4105.00000000",
		"quoteQty": "449.16910000",
		"time": 1665734403033,
		"isBuyerMaker": true,
		"isBestMatch": true
	},
	{
		"id": 464,
		"price": "0.10929000",
		"qty": "36535.00000000",
		"quoteQty": "3992.91015000",
		"time": 1665734403033,
		"isBuyerMaker": true,
		"isBestMatch": true
	},
	{
		"id": 465,
		"price": "0.10906000",
		"qty": "15822.00000000",
		"quoteQty": "1725.54732000",
		"time": 1665734403033,
		"isBuyerMaker": true,
		"isBestMatch": true
	},
	{
		"id": 466,
		"price": "0.12870000",
		"qty": "637.00000000",
		"quoteQty": "81.98190000",
		"time": 1665734403048,
		"isBuyerMaker": true,
		"isBestMatch": true
	},
	{
		"id": 467,
		"price": "0.11802000",
		"qty": "377.00000000",
		"quoteQty": "44.49354000",
		"time": 1665734403048,
		"isBuyerMaker": true,
		"isBestMatch": true
	},
	{
		"id": 468,
		"price": "0.11594000",
		"qty": "806.00000000",
		"quoteQty": "93.44764000",
		"time": 1665734403048,
		"isBuyerMaker": true,
		"isBestMatch": true
	},
	{
		"id": 469,
		"price": "0.11594000",
		"qty": "7724.00000000",
		"quoteQty": "895.52056000",
		"time": 1665734403051,
		"isBuyerMaker": true,
		"isBestMatch": true
	},
	{
		"id": 470,
		"price": "0.11582000",
		"qty": "1796.00000000",
		"quoteQty": "208.01272000",
		"time": 1665734403052,
		"isBuyerMaker": false,
		"isBestMatch": true
	},
	{
		"id": 471,
		"price": "0.11582000",
		"qty": "1657.00000000",
		"quoteQty": "191.91374000",
		"time": 1665734403052,
		"isBuyerMaker": false,
		"isBestMatch": true
	},
	{
		"id": 472,
		"price": "0.11410000",
		"qty": "214.00000000",
		"quoteQty": "24.41740000",
		"time": 1665734403068,
		"isBuyerMaker": true,
		"isBestMatch": true
	},
	{
		"id": 473,
		"price": "0.11534000",
		"qty": "174.00000000",
		"quoteQty": "20.06916000",
		"time": 1665734403073,
		"isBuyerMaker": false,
		"isBestMatch": true
	},
	{
		"id": 474,
		"price": "0.11534000",
		"qty": "174.00000000",
		"quoteQty": "20.06916000",
		"time": 1665734403073,
		"isBuyerMaker": false,
		"isBestMatch": true
	},
	{
		"id": 475,
		"price": "0.11534000",
		"qty": "174.00000000",
		"quoteQty": "20.06916000",
		"time": 1665734403073,
		"isBuyerMaker": false,
		"isBestMatch": true
	},
	{
		"id": 476,
		"price": "0.11534000",
		"qty": "174.00000000",
		"quoteQty": "20.06916000",
		"time": 1665734403073,
		"isBuyerMaker": false,
		"isBestMatch": true
	},
	{
		"id": 477,
		"price": "0.11534000",
		"qty": "174.00000000",
		"quoteQty": "20.06916000",
		"time": 1665734403073,
		"isBuyerMaker": false,
		"isBestMatch": true
	},
	{
		"id": 478,
		"price": "0.11534000",
		"qty": "154.00000000",
		"quoteQty": "17.76236000",
		"time": 1665734403073,
		"isBuyerMaker": false,
		"isBestMatch": true
	},
	{
		"id": 479,
		"price": "0.11526000",
		"qty": "907.00000000",
		"quoteQty": "104.54082000",
		"time": 1665734403096,
		"isBuyerMaker": true,
		"isBestMatch": true
	},
	{
		"id": 480,
		"price": "0.11526000",
		"qty": "5761.00000000",
		"quoteQty": "664.01286000",
		"time": 1665734403097,
		"isBuyerMaker": true,
		"isBestMatch": true
	},
	{
		"id": 481,
		"price": "0.11449000",
		"qty": "2553.00000000",
		"quoteQty": "292.29297000",
		"time": 1665734403097,
		"isBuyerMaker": false,
		"isBestMatch": true
	},
	{
		"id": 482,
		"price": "0.11449000",
		"qty": "115.00000000",
		"quoteQty": "13.16635000",
		"time": 1665734403099,
		"isBuyerMaker": false,
		"isBestMatch": true
	},
	{
		"id": 483,
		"price": "0.11449000",
		"qty": "1628.00000000",
		"quoteQty": "186.38972000",
		"time": 1665734403099,
		"isBuyerMaker": false,
		"isBestMatch": true
	},
	{
		"id": 484,
		"price": "0.11411000",
		"qty": "9893.00000000",
		"quoteQty": "1128.89023000",
		"time": 1665734403115,
		"isBuyerMaker": true,
		"isBestMatch": true
	},
	{
		"id": 485,
		"price": "0.11410000",
		"qty": "1521.00000000",
		"quoteQty": "173.54610000",
		"time": 1665734403115,
		"isBuyerMaker": true,
		"isBestMatch": true
	},
	{
		"id": 486,
		"price": "0.11257000",
		"qty": "3654.00000000",
		"quoteQty": "411.33078000",
		"time": 1665734403136,
		"isBuyerMaker": false,
		"isBestMatch": true
	},
	{
		"id": 487,
		"price": "0.11257000",
		"qty": "3654.00000000",
		"quoteQty": "411.33078000",
		"time": 1665734403136,
		"isBuyerMaker": false,
		"isBestMatch": true
	},
	{
		"id": 488,
		"price": "0.11257000",
		"qty": "3654.00000000",
		"quoteQty": "411.33078000",
		"time": 1665734403136,
		"isBuyerMaker": false,
		"isBestMatch": true
	},
	{
		"id": 489,
		"price": "0.11257000",
		"qty": "3654.00000000",
		"quoteQty": "411.33078000",
		"time": 1665734403136,
		"isBuyerMaker": false,
		"isBestMatch": true
	},
	{
		"id": 490,
		"price": "0.11257000",
		"qty": "3654.00000000",
		"quoteQty": "411.33078000",
		"time": 1665734403136,
		"isBuyerMaker": false,
		"isBestMatch": true
	},
	{
		"id": 491,
		"price": "0.11257000",
		"qty": "3654.00000000",
		"quoteQty": "411.33078000",
		"time": 1665734403136,
		"isBuyerMaker": false,
		"isBestMatch": true
	},
	{
		"id": 492,
		"price": "0.11257000",
		"qty": "576.00000000",
		"quoteQty": "64.84032000",
		"time": 1665734403136,
		"isBuyerMaker": false,
		"isBestMatch": true
	},
	{
		"id": 493,
		"price": "0.11257000",
		"qty": "597.00000000",
		"quoteQty": "67.20429000",
		"time": 1665734403137,
		"isBuyerMaker": false,
		"isBestMatch": true
	},
	{
		"id": 494,
		"price": "0.11257000",
		"qty": "867.00000000",
		"quoteQty": "97.59819000",
		"time": 1665734403141,
		"isBuyerMaker": false,
		"isBestMatch": true
	},
	{
		"id": 495,
		"price": "0.11257000",
		"qty": "1157.00000000",
		"quoteQty": "130.24349000",
		"time": 1665734403143,
		"isBuyerMaker": false,
		"isBestMatch": true
	},
	{
		"id": 496,
		"price": "0.11428000",
		"qty": "175.00000000",
		"quoteQty": "19.99900000",
		"time": 1665734403191,
		"isBuyerMaker": false,
		"isBestMatch": true
	},
	{
		"id": 497,
		"price": "0.11428000",
		"qty": "88.00000000",
		"quoteQty": "10.05664000",
		"time": 1665734403193,
		"isBuyerMaker": false,
		"isBestMatch": true
	},
	{
		"id": 498,
		"price": "0.11428000",
		"qty": "263.00000000",
		"quoteQty": "30.05564000",
		"time": 1665734403193,
		"isBuyerMaker": false,
		"isBestMatch": true
	},
	{
		"id": 499,
		"price": "0.11428000",
		"qty": "263.00000000",
		"quoteQty": "30.05564000",
		"time": 1665734403193,
		"isBuyerMaker": false,
		"isBestMatch": true
	},
	{
		"id": 500,
		"price": "0.11428000",
		"qty": "263.00000000",
		"quoteQty": "30.05564000",
		"time": 1665734403193,
		"isBuyerMaker": false,
		"isBestMatch": true
	},
	{
		"id": 501,
		"price": "0.11428000",
		"qty": "263.00000000",
		"quoteQty": "30.05564000",
		"time": 1665734403193,
		"isBuyerMaker": false,
		"isBestMatch": true
	},
	{
		"id": 502,
		"price": "0.11428000",
		"qty": "263.00000000",
		"quoteQty": "30.05564000",
		"time": 1665734403193,
		"isBuyerMaker": false,
		"isBestMatch": true
	},
	{
		"id": 503,
		"price": "0.11428000",
		"qty": "263.00000000",
		"quoteQty": "30.05564000",
		"time": 1665734403193,
		"isBuyerMaker": false,
		"isBestMatch": true
	},
	{
		"id": 504,
		"price": "0.11428000",
		"qty": "263.00000000",
		"quoteQty": "30.05564000",
		"time": 1665734403193,
		"isBuyerMaker": false,
		"isBestMatch": true
	},
	{
		"id": 505,
		"price": "0.11428000",
		"qty": "263.00000000",
		"quoteQty": "30.05564000",
		"time": 1665734403193,
		"isBuyerMaker": false,
		"isBestMatch": true
	},
	{
		"id": 506,
		"price": "0.11428000",
		"qty": "258.00000000",
		"quoteQty": "29.48424000",
		"time": 1665734403193,
		"isBuyerMaker": false,
		"isBestMatch": true
	},
	{
		"id": 507,
		"price": "0.11449000",
		"qty": "1040.00000000",
		"quoteQty": "119.06960000",
		"time": 1665734403193,
		"isBuyerMaker": false,
		"isBestMatch": true
	},
	{
		"id": 508,
		"price": "0.11449000",
		"qty": "19.00000000",
		"quoteQty": "2.17531000",
		"time": 1665734403193,
		"isBuyerMaker": false,
		"isBestMatch": true
	},
	{
		"id": 509,
		"price": "0.11449000",
		"qty": "2649.00000000",
		"quoteQty": "303.28401000",
		"time": 1665734403272,
		"isBuyerMaker": false,
		"isBestMatch": true
	},
	{
		"id": 510,
		"price": "0.11449000",
		"qty": "2668.00000000",
		"quoteQty": "305.45932000",
		"time": 1665734403272,
		"isBuyerMaker": false,
		"isBestMatch": true
	},
	{
		"id": 511,
		"price": "0.11449000",
		"qty": "2668.00000000",
		"quoteQty": "305.45932000",
		"time": 1665734403272,
		"isBuyerMaker": false,
		"isBestMatch": true
	},
	{
		"id": 512,
		"price": "0.11449000",
		"qty": "2668.00000000",
		"quoteQty": "305.45932000",
		"time": 1665734403272,
		"isBuyerMaker": false,
		"isBestMatch": true
	},
	{
		"id": 513,
		"price": "0.11449000",
		"qty": "2311.00000000",
		"quoteQty": "264.58639000",
		"time": 1665734403272,
		"isBuyerMaker": false,
		"isBestMatch": true
	},
	{
		"id": 514,
		"price": "0.11449000",
		"qty": "357.00000000",
		"quoteQty": "40.87293000",
		"time": 1665734403278,
		"isBuyerMaker": false,
		"isBestMatch": true
	},
	{
		"id": 515,
		"price": "0.11449000",
		"qty": "2242.00000000",
		"quoteQty": "256.68658000",
		"time": 1665734403278,
		"isBuyerMaker": false,
		"isBestMatch": true
	},
	{
		"id": 516,
		"price": "0.11451000",
		"qty": "308.00000000",
		"quoteQty": "35.26908000",
		"time": 1665734403278,
		"isBuyerMaker": false,
		"isBestMatch": true
	},
	{
		"id": 517,
		"price": "0.11451000",
		"qty": "1275.00000000",
		"quoteQty": "146.00025000",
		"time": 1665734403281,
		"isBuyerMaker": false,
		"isBestMatch": true
	},
	{
		"id": 518,
		"price": "0.11451000",
		"qty": "473.00000000",
		"quoteQty": "54.16323000",
		"time": 1665734403281,
		"isBuyerMaker": false,
		"isBestMatch": true
	},
	{
		"id": 519,
		"price": "0.11451000",
		"qty": "1110.00000000",
		"quoteQty": "127.10610000",
		"time": 1665734403282,
		"isBuyerMaker": false,
		"isBestMatch": true
	},
	{
		"id": 520,
		"price": "0.11451000",
		"qty": "1150.00000000",
		"quoteQty": "131.68650000",
		"time": 1665734403282,
		"isBuyerMaker": false,
		"isBestMatch": true
	},
	{
		"id": 521,
		"price": "0.11451000",
		"qty": "433.00000000",
		"quoteQty": "49.58283000",
		"time": 1665734403291,
		"isBuyerMaker": false,
		"isBestMatch": true
	},
	{
		"id": 522,
		"price": "0.11451000",
		"qty": "1583.00000000",
		"quoteQty": "181.26933000",
		"time": 1665734403291,
		"isBuyerMaker": false,
		"isBestMatch": true
	},
	{
		"id": 523,
		"price": "0.11451000",
		"qty": "1583.00000000",
		"quoteQty": "181.26933000",
		"time": 1665734403291,
		"isBuyerMaker": false,
		"isBestMatch": true
	},
	{
		"id": 524,
		"price": "0.11451000",
		"qty": "1583.00000000",
		"quoteQty": "181.26933000",
		"time": 1665734403291,
		"isBuyerMaker": false,
		"isBestMatch": true
	},
	{
		"id": 525,
		"price": "0.11451000",
		"qty": "1583.00000000",
		"quoteQty": "181.26933000",
		"time": 1665734403291,
		"isBuyerMaker": false,
		"isBestMatch": true
	},
	{
		"id": 526,
		"price": "0.11451000",
		"qty": "1583.00000000",
		"quoteQty": "181.26933000",
		"time": 1665734403291,
		"isBuyerMaker": false,
		"isBestMatch": true
	},
	{
		"id": 527,
		"price": "0.11451000",
		"qty": "1583.00000000",
		"quoteQty": "181.26933000",
		"time": 1665734403291,
		"isBuyerMaker": false,
		"isBestMatch": true
	},
	{
		"id": 528,
		"price": "0.11451000",
		"qty": "1575.00000000",
		"quoteQty": "180.35325000",
		"time": 1665734403291,
		"isBuyerMaker": false,
		"isBestMatch": true
	},
	{
		"id": 529,
		"price": "0.11477000",
		"qty": "14380.00000000",
		"quoteQty": "1650.39260000",
		"time": 1665734403291,
		"isBuyerMaker": false,
		"isBestMatch": true
	},
	{
		"id": 530,
		"price": "0.11477000",
		"qty": "1764.00000000",
		"quoteQty": "202.45428000",
		"time": 1665734403297,
		"isBuyerMaker": false,
		"isBestMatch": true
	},
	{
		"id": 531,
		"price": "0.11477000",
		"qty": "88.00000000",
		"quoteQty": "10.09976000",
		"time": 1665734403306,
		"isBuyerMaker": false,
		"isBestMatch": true
	},
	{
		"id": 532,
		"price": "0.11476000",
		"qty": "631.00000000",
		"quoteQty": "72.41356000",
		"time": 1665734403333,
		"isBuyerMaker": false,
		"isBestMatch": true
	},
	{
		"id": 533,
		"price": "0.11476000",
		"qty": "87.00000000",
		"quoteQty": "9.98412000",
		"time": 1665734403349,
		"isBuyerMaker": false,
		"isBestMatch": true
	},
	{
		"id": 534,
		"price": "0.11476000",
		"qty": "1655.00000000",
		"quoteQty": "189.92780000",
		"time": 1665734403356,
		"isBuyerMaker": false,
		"isBestMatch": true
	},
	{
		"id": 535,
		"price": "0.11476000",
		"qty": "4444.00000000",
		"quoteQty": "509.99344000",
		"time": 1665734403356,
		"isBuyerMaker": false,
		"isBestMatch": true
	},
	{
		"id": 536,
		"price": "0.11476000",
		"qty": "489.00000000",
		"quoteQty": "56.11764000",
		"time": 1665734403356,
		"isBuyerMaker": false,
		"isBestMatch": true
	},
	{
		"id": 537,
		"price": "0.11476000",
		"qty": "58.00000000",
		"quoteQty": "6.65608000",
		"time": 1665734403444,
		"isBuyerMaker": false,
		"isBestMatch": true
	},
	{
		"id": 538,
		"price": "0.11477000",
		"qty": "2555.00000000",
		"quoteQty": "293.23735000",
		"time": 1665734403444,
		"isBuyerMaker": false,
		"isBestMatch": true
	},
	{
		"id": 539,
		"price": "0.11477000",
		"qty": "1190.00000000",
		"quoteQty": "136.57630000",
		"time": 1665734403458,
		"isBuyerMaker": false,
		"isBestMatch": true
	},
	{
		"id": 540,
		"price": "0.11477000",
		"qty": "718.00000000",
		"quoteQty": "82.40486000",
		"time": 1665734403483,
		"isBuyerMaker": false,
		"isBestMatch": true
	},
	{
		"id": 541,
		"price": "0.11476000",
		"qty": "1870.00000000",
		"quoteQty": "214.60120000",
		"time": 1665734403571,
		"isBuyerMaker": false,
		"isBestMatch": true
	},
	{
		"id": 542,
		"price": "0.11477000",
		"qty": "4798.00000000",
		"quoteQty": "550.66646000",
		"time": 1665734403571,
		"isBuyerMaker": false,
		"isBestMatch": true
	},
	{
		"id": 543,
		"price": "0.11477000",
		"qty": "235.00000000",
		"quoteQty": "26.97095000",
		"time": 1665734403585,
		"isBuyerMaker": false,
		"isBestMatch": true
	},
	{
		"id": 544,
		"price": "0.11477000",
		"qty": "871.00000000",
		"quoteQty": "99.96467000",
		"time": 1665734403639,
		"isBuyerMaker": false,
		"isBestMatch": true
	},
	{
		"id": 545,
		"price": "0.11458000",
		"qty": "2666.00000000",
		"quoteQty": "305.47028000",
		"time": 1665734403653,
		"isBuyerMaker": true,
		"isBestMatch": true
	},
	{
		"id": 546,
		"price": "0.11477000",
		"qty": "266.00000000",
		"quoteQty": "30.52882000",
		"time": 1665734403658,
		"isBuyerMaker": false,
		"isBestMatch": true
	},
	{
		"id": 547,
		"price": "0.11458000",
		"qty": "284.00000000",
		"quoteQty": "32.54072000",
		"time": 1665734403661,
		"isBuyerMaker": true,
		"isBestMatch": true
	},
	{
		"id": 548,
		"price": "0.11348000",
		"qty": "146.00000000",
		"quoteQty": "16.56808000",
		"time": 1665734403661,
		"isBuyerMaker": true,
		"isBestMatch": true
	},
	{
		"id": 549,
		"price": "0.11348000",
		"qty": "1698.00000000",
		"quoteQty": "192.68904000",
		"time": 1665734403675,
		"isBuyerMaker": true,
		"isBestMatch": true
	},
	{
		"id": 550,
		"price": "0.11348000",
		"qty": "187.00000000",
		"quoteQty": "21.22076000",
		"time": 1665734403733,
		"isBuyerMaker": true,
		"isBestMatch": true
	},
	{
		"id": 551,
		"price": "0.11380000",
		"qty": "840.00000000",
		"quoteQty": "95.59200000",
		"time": 1665734403756,
		"isBuyerMaker": false,
		"isBestMatch": true
	},
	{
		"id": 552,
		"price": "0.11380000",
		"qty": "918.00000000",
		"quoteQty": "104.46840000",
		"time": 1665734403763,
		"isBuyerMaker": false,
		"isBestMatch": true
	},
	{
		"id": 553,
		"price": "0.11380000",
		"qty": "1758.00000000",
		"quoteQty": "200.06040000",
		"time": 1665734403763,
		"isBuyerMaker": false,
		"isBestMatch": true
	},
	{
		"id": 554,
		"price": "0.11380000",
		"qty": "1758.00000000",
		"quoteQty": "200.06040000",
		"time": 1665734403763,
		"isBuyerMaker": false,
		"isBestMatch": true
	},
	{
		"id": 555,
		"price": "0.11380000",
		"qty": "1154.00000000",
		"quoteQty": "131.32520000",
		"time": 1665734403763,
		"isBuyerMaker": false,
		"isBestMatch": true
	},
	{
		"id": 556,
		"price": "0.11380000",
		"qty": "180.00000000",
		"quoteQty": "20.48400000",
		"time": 1665734403763,
		"isBuyerMaker": false,
		"isBestMatch": true
	},
	{
		"id": 557,
		"price": "0.11380000",
		"qty": "424.00000000",
		"quoteQty": "48.25120000",
		"time": 1665734403787,
		"isBuyerMaker": false,
		"isBestMatch": true
	},
	{
		"id": 558,
		"price": "0.11380000",
		"qty": "1758.00000000",
		"quoteQty": "200.06040000",
		"time": 1665734403787,
		"isBuyerMaker": false,
		"isBestMatch": true
	},
	{
		"id": 559,
		"price": "0.11380000",
		"qty": "868.00000000",
		"quoteQty": "98.77840000",
		"time": 1665734403787,
		"isBuyerMaker": false,
		"isBestMatch": true
	},
	{
		"id": 560,
		"price": "0.11354000",
		"qty": "4879.00000000",
		"quoteQty": "553.96166000",
		"time": 1665734403863,
		"isBuyerMaker": true,
		"isBestMatch": true
	},
	{
		"id": 561,
		"price": "0.11348000",
		"qty": "1782.00000000",
		"quoteQty": "202.22136000",
		"time": 1665734403863,
		"isBuyerMaker": true,
		"isBestMatch": true
	},
	{
		"id": 562,
		"price": "0.11346000",
		"qty": "113.00000000",
		"quoteQty": "12.82098000",
		"time": 1665734403863,
		"isBuyerMaker": true,
		"isBestMatch": true
	},
	{
		"id": 563,
		"price": "0.11379000",
		"qty": "1782.00000000",
		"quoteQty": "202.77378000",
		"time": 1665734403876,
		"isBuyerMaker": false,
		"isBestMatch": true
	},
	{
		"id": 564,
		"price": "0.11380000",
		"qty": "890.00000000",
		"quoteQty": "101.28200000",
		"time": 1665734403876,
		"isBuyerMaker": false,
		"isBestMatch": true
	},
	{
		"id": 565,
		"price": "0.11380000",
		"qty": "1758.00000000",
		"quoteQty": "200.06040000",
		"time": 1665734403876,
		"isBuyerMaker": false,
		"isBestMatch": true
	},
	{
		"id": 566,
		"price": "0.11380000",
		"qty": "1178.00000000",
		"quoteQty": "134.05640000",
		"time": 1665734403876,
		"isBuyerMaker": false,
		"isBestMatch": true
	},
	{
		"id": 567,
		"price": "0.11380000",
		"qty": "580.00000000",
		"quoteQty": "66.00400000",
		"time": 1665734403884,
		"isBuyerMaker": false,
		"isBestMatch": true
	},
	{
		"id": 568,
		"price": "0.11380000",
		"qty": "1758.00000000",
		"quoteQty": "200.06040000",
		"time": 1665734403884,
		"isBuyerMaker": false,
		"isBestMatch": true
	},
	{
		"id": 569,
		"price": "0.11380000",
		"qty": "1751.00000000",
		"quoteQty": "199.26380000",
		"time": 1665734403884,
		"isBuyerMaker": false,
		"isBestMatch": true
	},
	{
		"id": 570,
		"price": "0.11440000",
		"qty": "113.00000000",
		"quoteQty": "12.92720000",
		"time": 1665734403884,
		"isBuyerMaker": false,
		"isBestMatch": true
	},
	{
		"id": 571,
		"price": "0.11476000",
		"qty": "187.00000000",
		"quoteQty": "21.46012000",
		"time": 1665734403884,
		"isBuyerMaker": false,
		"isBestMatch": true
	},
	{
		"id": 572,
		"price": "0.11477000",
		"qty": "2267.00000000",
		"quoteQty": "260.18359000",
		"time": 1665734403884,
		"isBuyerMaker": false,
		"isBestMatch": true
	},
	{
		"id": 573,
		"price": "0.11347000",
		"qty": "18398.00000000",
		"quoteQty": "2087.62106000",
		"time": 1665734403945,
		"isBuyerMaker": true,
		"isBestMatch": true
	},
	{
		"id": 574,
		"price": "0.11337000",
		"qty": "7492.00000000",
		"quoteQty": "849.36804000",
		"time": 1665734403945,
		"isBuyerMaker": true,
		"isBestMatch": true
	},
	{
		"id": 575,
		"price": "0.11477000",
		"qty": "1605.00000000",
		"quoteQty": "184.20585000",
		"time": 1665734403958,
		"isBuyerMaker": false,
		"isBestMatch": true
	},
	{
		"id": 576,
		"price": "0.11477000",
		"qty": "636.00000000",
		"quoteQty": "72.99372000",
		"time": 1665734403975,
		"isBuyerMaker": false,
		"isBestMatch": true
	},
	{
		"id": 577,
		"price": "0.11477000",
		"qty": "8604.00000000",
		"quoteQty": "987.48108000",
		"time": 1665734403984,
		"isBuyerMaker": false,
		"isBestMatch": true
	},
	{
		"id": 578,
		"price": "0.11477000",
		"qty": "171.00000000",
		"quoteQty": "19.62567000",
		"time": 1665734404012,
		"isBuyerMaker": false,
		"isBestMatch": true
	},
	{
		"id": 579,
		"price": "0.11477000",
		"qty": "4293.00000000",
		"quoteQty": "492.70761000",
		"time": 1665734404013,
		"isBuyerMaker": false,
		"isBestMatch": true
	},
	{
		"id": 580,
		"price": "0.11514000",
		"qty": "2493.00000000",
		"quoteQty": "287.04402000",
		"time": 1665734404013,
		"isBuyerMaker": false,
		"isBestMatch": true
	},
	{
		"id": 581,
		"price": "0.11515000",
		"qty": "2950.00000000",
		"quoteQty": "339.69250000",
		"time": 1665734404013,
		"isBuyerMaker": false,
		"isBestMatch": true
	},
	{
		"id": 582,
		"price": "0.11534000",
		"qty": "20.00000000",
		"quoteQty": "2.30680000",
		"time": 1665734404013,
		"isBuyerMaker": false,
		"isBestMatch": true
	},
	{
		"id": 583,
		"price": "0.11534000",
		"qty": "174.00000000",
		"quoteQty": "20.06916000",
		"time": 1665734404013,
		"isBuyerMaker": false,
		"isBestMatch": true
	},
	{
		"id": 584,
		"price": "0.11534000",
		"qty": "174.00000000",
		"quoteQty": "20.06916000",
		"time": 1665734404013,
		"isBuyerMaker": false,
		"isBestMatch": true
	},
	{
		"id": 585,
		"price": "0.11534000",
		"qty": "174.00000000",
