[
	{
		"id": 0,
		"price": "0.02649000",
		"qty": "378.00000000",
		"quoteQty": "10.01322000",
		"time": 1662710400000,
		"isBuyerMaker": false,
		"isBestMatch": true
	},
	{
		"id": 1,
		"price": "0.03900000",
		"qty": "2984.00000000",
		"quoteQty": "116.37600000",
		"time": 1662710400012,
		"isBuyerMaker": false,
		"isBestMatch": true
	},
	{
		"id": 2,
		"price": "0.03780000",
		"qty": "288.00000000",
		"quoteQty": "10.88640000",
		"time": 1662710400093,
		"isBuyerMaker": false,
		"isBestMatch": true
	},
	{
		"id": 3,
		"price": "0.03780000",
		"qty": "43623.00000000",
		"quoteQty": "1648.94940000",
		"time": 1662710400097,
		"isBuyerMaker": false,
		"isBestMatch": true
	},
	{
		"id": 4,
		"price": "0.03780000",
		"qty": "11781.00000000",
		"quoteQty": "445.32180000",
		"time": 1662710400132,
		"isBuyerMaker": false,
		"isBestMatch": true
	},
	{
		"id": 5,
		"price": "0.03780000",
		"qty": "18603.00000000",
		"quoteQty": "703.19340000",
		"time": 1662710400176,
		"isBuyerMaker": false,
		"isBestMatch": true
	},
	{
		"id": 6,
		"price": "0.03600000",
		"qty": "7230.00000000",
		"quoteQty": "260.28000000",
		"time": 1662710400194,
		"isBuyerMaker": false,
		"isBestMatch": true
	},
	{
		"id": 7,
		"price": "0.03600000",
		"qty": "867.00000000",
		"quoteQty": "31.21200000",
		"time": 1662710400215,
		"isBuyerMaker": false,
		"isBestMatch": true
	},
	{
		"id": 8,
		"price": "0.03600000",
		"qty": "8333.00000000",
		"quoteQty": "299.98800000",
		"time": 1662710400273,
		"isBuyerMaker": false,
		"isBestMatch": true
	},
	{
		"id": 9,
		"price": "0.03600000",
		"qty": "3666.00000000",
		"quoteQty": "131.97600000",
		"time": 1662710400288,
		"isBuyerMaker": false,
		"isBestMatch": true
	},
	{
		"id": 10,
		"price": "0.03600000",
		"qty": "283.00000000",
		"quoteQty": "10.18800000",
		"time": 1662710400305,
		"isBuyerMaker": false,
		"isBestMatch": true
	},
	{
		"id": 11,
		"price": "0.03600000",
		"qty": "2009.00000000",
		"quoteQty": "72.32400000",
		"time": 1662710400329,
		"isBuyerMaker": false,
		"isBestMatch": true
	},
	{
		"id": 12,
		"price": "0.03600000",
		"qty": "240.00000000",
		"quoteQty": "8.64000000",
		"time": 1662710400331,
		"isBuyerMaker": false,
		"isBestMatch": true
	},
	{
		"id": 13,
		"price": "0.03600000",
		"qty": "722.00000000",
		"quoteQty": "25.99200000",
		"time": 1662710400368,
		"isBuyerMaker": false,
		"isBestMatch": true
	},
	{
		"id": 14,
		"price": "0.03600000",
		"qty": "668.00000000",
		"quoteQty": "24.04800000",
		"time": 1662710400393,
		"isBuyerMaker": false,
		"isBestMatch": true
	},
	{
		"id": 15,
		"price": "0.03600000",
		"qty": "21355.00000000",
		"quoteQty": "768.78000000",
		"time": 1662710400415,
		"isBuyerMaker": false,
		"isBestMatch": true
	},
	{
		"id": 16,
		"price": "0.03780000",
		"qty": "129983.00000000",
		"quoteQty": "4913.35740000",
		"time": 1662710400415,
		"isBuyerMaker": false,
		"isBestMatch": true
	},
	{
		"id": 17,
		"price": "0.03780000",
		"qty": "271.00000000",
		"quoteQty": "10.24380000",
		"time": 1662710400468,
		"isBuyerMaker": false,
		"isBestMatch": true
	},
	{
		"id": 18,
		"price": "0.03780000",
		"qty": "767.00000000",
		"quoteQty": "28.99260000",
		"time": 1662710400478,
		"isBuyerMaker": false,
		"isBestMatch": true
	},
	{
		"id": 19,
		"price": "0.03423000",
		"qty": "526.00000000",
		"quoteQty": "18.00498000",
		"time": 1662710400504,
		"isBuyerMaker": true,
		"isBestMatch": true
	},
	{
		"id": 20,
		"price": "0.03010000",
		"qty": "4521.00000000",
		"quoteQty": "136.08210000",
		"time": 1662710400504,
		"isBuyerMaker": true,
		"isBestMatch": true
	},
	{
		"id": 21,
		"price": "0.03780000",
		"qty": "1587.00000000",
		"quoteQty": "59.98860000",
		"time": 1662710400529,
		"isBuyerMaker": false,
		"isBestMatch": true
	},
	{
		"id": 22,
		"price": "0.03424000",
		"qty": "1369.00000000",
		"quoteQty": "46.87456000",
		"time": 1662710400555,
		"isBuyerMaker": true,
		"isBestMatch": true
	},
	{
		"id": 23,
		"price": "0.03010000",
		"qty": "4152.00000000",
		"quoteQty": "124.97520000",
		"time": 1662710400555,
		"isBuyerMaker": true,
		"isBestMatch": true
	},
	{
		"id": 24,
		"price": "0.03000000",
		"qty": "968.00000000",
		"quoteQty": "29.04000000",
		"time": 1662710400555,
		"isBuyerMaker": true,
		"isBestMatch": true
	},
	{
		"id": 25,
		"price": "0.02962000",
		"qty": "7010.00000000",
		"quoteQty": "207.63620000",
		"time": 1662710400555,
		"isBuyerMaker": true,
		"isBestMatch": true
	},
	{
		"id": 26,
		"price": "0.03780000",
		"qty": "1322.00000000",
		"quoteQty": "49.97160000",
		"time": 1662710400575,
		"isBuyerMaker": false,
		"isBestMatch": true
	},
	{
		"id": 27,
		"price": "0.03779000",
		"qty": "270.00000000",
		"quoteQty": "10.20330000",
		"time": 1662710400634,
		"isBuyerMaker": false,
		"isBestMatch": true
	},
	{
		"id": 28,
		"price": "0.03779000",
		"qty": "1099.00000000",
		"quoteQty": "41.53121000",
		"time": 1662710400640,
		"isBuyerMaker": false,
		"isBestMatch": true
	},
	{
		"id": 29,
		"price": "0.03780000",
		"qty": "6134.00000000",
		"quoteQty": "231.86520000",
		"time": 1662710400640,
		"isBuyerMaker": false,
		"isBestMatch": true
	},
	{
		"id": 30,
		"price": "0.03780000",
		"qty": "864.00000000",
		"quoteQty": "32.65920000",
		"time": 1662710400649,
		"isBuyerMaker": false,
		"isBestMatch": true
	},
	{
		"id": 31,
		"price": "0.03780000",
		"qty": "265.00000000",
		"quoteQty": "10.01700000",
		"time": 1662710400666,
		"isBuyerMaker": false,
		"isBestMatch": true
	},
	{
		"id": 32,
		"price": "0.03780000",
		"qty": "2094.00000000",
		"quoteQty": "79.15320000",
		"time": 1662710400673,
		"isBuyerMaker": false,
		"isBestMatch": true
	},
	{
		"id": 33,
		"price": "0.03780000",
		"qty": "379.00000000",
		"quoteQty": "14.32620000",
		"time": 1662710400677,
		"isBuyerMaker": false,
		"isBestMatch": true
	},
	{
		"id": 34,
		"price": "0.03560000",
		"qty": "5548.00000000",
		"quoteQty": "197.50880000",
		"time": 1662710400704,
		"isBuyerMaker": false,
		"isBestMatch": true
	},
	{
		"id": 35,
		"price": "0.03500000",
		"qty": "32170.00000000",
		"quoteQty": "1125.95000000",
		"time": 1662710400766,
		"isBuyerMaker": false,
		"isBestMatch": true
	},
	{
		"id": 36,
		"price": "0.03500000",
		"qty": "2857.00000000",
		"quoteQty": "99.99500000",
		"time": 1662710400795,
		"isBuyerMaker": false,
		"isBestMatch": true
	},
	{
		"id": 37,
		"price": "0.03500000",
		"qty": "4111.00000000",
		"quoteQty": "143.88500000",
		"time": 1662710400822,
		"isBuyerMaker": false,
		"isBestMatch": true
	},
	{
		"id": 38,
		"price": "0.03500000",
		"qty": "2567.00000000",
		"quoteQty": "89.84500000",
		"time": 1662710400863,
		"isBuyerMaker": false,
		"isBestMatch": true
	},
	{
		"id": 39,
		"price": "0.03500000",
		"qty": "20014.00000000",
		"quoteQty": "700.49000000",
		"time": 1662710400868,
		"isBuyerMaker": false,
		"isBestMatch": true
	},
	{
		"id": 40,
		"price": "0.03500000",
		"qty": "3965.00000000",
		"quoteQty": "138.77500000",
		"time": 1662710400979,
		"isBuyerMaker": false,
		"isBestMatch": true
	},
	{
		"id": 41,
		"price": "0.03500000",
		"qty": "82088.00000000",
		"quoteQty": "2873.08000000",
		"time": 1662710400993,
		"isBuyerMaker": false,
		"isBestMatch": true
	},
	{
		"id": 42,
		"price": "0.03560000",
		"qty": "3565.00000000",
		"quoteQty": "126.91400000",
		"time": 1662710400993,
		"isBuyerMaker": false,
		"isBestMatch": true
	},
	{
		"id": 43,
		"price": "0.03560000",
		"qty": "1471.00000000",
		"quoteQty": "52.36760000",
		"time": 1662710401011,
		"isBuyerMaker": false,
		"isBestMatch": true
	},
	{
		"id": 44,
		"price": "0.03560000",
		"qty": "3051.00000000",
		"quoteQty": "108.61560000",
		"time": 1662710401029,
		"isBuyerMaker": false,
		"isBestMatch": true
	},
	{
		"id": 45,
		"price": "0.03560000",
		"qty": "317.00000000",
		"quoteQty": "11.28520000",
		"time": 1662710401055,
		"isBuyerMaker": false,
		"isBestMatch": true
	},
	{
		"id": 46,
		"price": "0.03560000",
		"qty": "87256.00000000",
		"quoteQty": "3106.31360000",
		"time": 1662710401155,
		"isBuyerMaker": false,
		"isBestMatch": true
	},
	{
		"id": 47,
		"price": "0.03560000",
		"qty": "308.00000000",
		"quoteQty": "10.96480000",
		"time": 1662710401159,
		"isBuyerMaker": false,
		"isBestMatch": true
	},
	{
		"id": 48,
		"price": "0.03560000",
		"qty": "59346.00000000",
		"quoteQty": "2112.71760000",
		"time": 1662710401324,
		"isBuyerMaker": false,
		"isBestMatch": true
	},
	{
		"id": 49,
		"price": "0.03560000",
		"qty": "1221.00000000",
		"quoteQty": "43.46760000",
		"time": 1662710401325,
		"isBuyerMaker": false,
		"isBestMatch": true
	},
	{
		"id": 50,
		"price": "0.03560000",
		"qty": "42134.00000000",
		"quoteQty": "1499.97040000",
		"time": 1662710401346,
		"isBuyerMaker": false,
		"isBestMatch": true
	},
	{
		"id": 51,
		"price": "0.03560000",
		"qty": "12010.00000000",
		"quoteQty": "427.55600000",
		"time": 1662710401414,
		"isBuyerMaker": false,
		"isBestMatch": true
	},
	{
		"id": 52,
		"price": "0.03560000",
		"qty": "4656.00000000",
		"quoteQty": "165.75360000",
		"time": 1662710401414,
		"isBuyerMaker": false,
		"isBestMatch": true
	},
	{
		"id": 53,
		"price": "0.03600000",
		"qty": "3301.00000000",
		"quoteQty": "118.83600000",
		"time": 1662710401414,
		"isBuyerMaker": false,
		"isBestMatch": true
	},
	{
		"id": 54,
		"price": "0.03600000",
		"qty": "652.00000000",
		"quoteQty": "23.47200000",
		"time": 1662710401433,
		"isBuyerMaker": false,
		"isBestMatch": true
	},
	{
		"id": 55,
		"price": "0.03600000",
		"qty": "1306.00000000",
		"quoteQty": "47.01600000",
		"time": 1662710401435,
		"isBuyerMaker": false,
		"isBestMatch": true
	},
	{
		"id": 56,
		"price": "0.03680000",
		"qty": "273.00000000",
		"quoteQty": "10.04640000",
		"time": 1662710401435,
		"isBuyerMaker": false,
		"isBestMatch": true
	},
	{
		"id": 57,
		"price": "0.03424000",
		"qty": "1497.00000000",
		"quoteQty": "51.25728000",
		"time": 1662710401461,
		"isBuyerMaker": true,
		"isBestMatch": true
	},
	{
		"id": 58,
		"price": "0.03424000",
		"qty": "1608.00000000",
		"quoteQty": "55.05792000",
		"time": 1662710401461,
		"isBuyerMaker": true,
		"isBestMatch": true
	},
	{
		"id": 59,
		"price": "0.03424000",
		"qty": "5264.00000000",
		"quoteQty": "180.23936000",
		"time": 1662710401461,
		"isBuyerMaker": true,
		"isBestMatch": true
	},
	{
		"id": 60,
		"price": "0.03400000",
		"qty": "394.00000000",
		"quoteQty": "13.39600000",
		"time": 1662710401461,
		"isBuyerMaker": true,
		"isBestMatch": true
	},
	{
		"id": 61,
		"price": "0.03253000",
		"qty": "15343.00000000",
		"quoteQty": "499.10779000",
		"time": 1662710401461,
		"isBuyerMaker": true,
		"isBestMatch": true
	},
	{
		"id": 62,
		"price": "0.03065000",
		"qty": "28523.00000000",
		"quoteQty": "874.22995000",
		"time": 1662710401461,
		"isBuyerMaker": true,
		"isBestMatch": true
	},
	{
		"id": 63,
		"price": "0.03680000",
		"qty": "1498.00000000",
		"quoteQty": "55.12640000",
		"time": 1662710401502,
		"isBuyerMaker": false,
		"isBestMatch": true
	},
	{
		"id": 64,
		"price": "0.03680000",
		"qty": "8609.00000000",
		"quoteQty": "316.81120000",
		"time": 1662710401537,
		"isBuyerMaker": false,
		"isBestMatch": true
	},
	{
		"id": 65,
		"price": "0.03680000",
		"qty": "7144.00000000",
		"quoteQty": "262.89920000",
		"time": 1662710401543,
		"isBuyerMaker": false,
		"isBestMatch": true
	},
	{
		"id": 66,
		"price": "0.03679000",
		"qty": "303.00000000",
		"quoteQty": "11.14737000",
		"time": 1662710401560,
		"isBuyerMaker": false,
		"isBestMatch": true
	},
	{
		"id": 67,
		"price": "0.03679000",
		"qty": "274.00000000",
		"quoteQty": "10.08046000",
		"time": 1662710401565,
		"isBuyerMaker": false,
		"isBestMatch": true
	},
	{
		"id": 68,
		"price": "0.03679000",
		"qty": "1005.00000000",
		"quoteQty": "36.97395000",
		"time": 1662710401604,
		"isBuyerMaker": false,
		"isBestMatch": true
	},
	{
		"id": 69,
		"price": "0.03499000",
		"qty": "12337.00000000",
		"quoteQty": "431.67163000",
		"time": 1662710401641,
		"isBuyerMaker": false,
		"isBestMatch": true
	},
	{
		"id": 70,
		"price": "0.03499000",
		"qty": "1579.00000000",
		"quoteQty": "55.24921000",
		"time": 1662710401675,
		"isBuyerMaker": false,
		"isBestMatch": true
	},
	{
		"id": 71,
		"price": "0.03499000",
		"qty": "749.00000000",
		"quoteQty": "26.20751000",
		"time": 1662710401689,
		"isBuyerMaker": false,
		"isBestMatch": true
	},
	{
		"id": 72,
		"price": "0.03499000",
		"qty": "285.00000000",
		"quoteQty": "9.97215000",
		"time": 1662710401696,
		"isBuyerMaker": false,
		"isBestMatch": true
	},
	{
		"id": 73,
		"price": "0.03499000",
		"qty": "14142.00000000",
		"quoteQty": "494.82858000",
		"time": 1662710401699,
		"isBuyerMaker": false,
		"isBestMatch": true
	},
	{
		"id": 74,
		"price": "0.03499000",
		"qty": "14278.00000000",
		"quoteQty": "499.58722000",
		"time": 1662710401719,
		"isBuyerMaker": false,
		"isBestMatch": true
	},
	{
		"id": 75,
		"price": "0.03499000",
		"qty": "11244.00000000",
		"quoteQty": "393.42756000",
		"time": 1662710401758,
		"isBuyerMaker": false,
		"isBestMatch": true
	},
	{
		"id": 76,
		"price": "0.03498000",
		"qty": "1943.00000000",
		"quoteQty": "67.96614000",
		"time": 1662710401921,
		"isBuyerMaker": false,
		"isBestMatch": true
	},
	{
		"id": 77,
		"price": "0.03498000",
		"qty": "1000.00000000",
		"quoteQty": "34.98000000",
		"time": 1662710401939,
		"isBuyerMaker": false,
		"isBestMatch": true
	},
	{
		"id": 78,
		"price": "0.03498000",
		"qty": "739.00000000",
		"quoteQty": "25.85022000",
		"time": 1662710402061,
		"isBuyerMaker": false,
		"isBestMatch": true
	},
	{
		"id": 79,
		"price": "0.03498000",
		"qty": "1497.00000000",
		"quoteQty": "52.36506000",
		"time": 1662710402061,
		"isBuyerMaker": false,
		"isBestMatch": true
	},
	{
		"id": 80,
		"price": "0.03498000",
		"qty": "1608.00000000",
		"quoteQty": "56.24784000",
		"time": 1662710402061,
		"isBuyerMaker": false,
		"isBestMatch": true
	},
	{
		"id": 81,
		"price": "0.03499000",
		"qty": "5932.00000000",
		"quoteQty": "207.56068000",
		"time": 1662710402061,
		"isBuyerMaker": false,
		"isBestMatch": true
	},
	{
		"id": 82,
		"price": "0.03680000",
		"qty": "4294.00000000",
		"quoteQty": "158.01920000",
		"time": 1662710402061,
		"isBuyerMaker": false,
		"isBestMatch": true
	},
	{
		"id": 83,
		"price": "0.03680000",
		"qty": "2265.00000000",
		"quoteQty": "83.35200000",
		"time": 1662710402063,
		"isBuyerMaker": false,
		"isBestMatch": true
	},
	{
		"id": 84,
		"price": "0.03680000",
		"qty": "2717.00000000",
		"quoteQty": "99.98560000",
		"time": 1662710402131,
		"isBuyerMaker": false,
		"isBestMatch": true
	},
	{
		"id": 85,
		"price": "0.03680000",
		"qty": "5729.00000000",
		"quoteQty": "210.82720000",
		"time": 1662710402175,
		"isBuyerMaker": false,
		"isBestMatch": true
	},
	{
		"id": 86,
		"price": "0.03680000",
		"qty": "2581.00000000",
		"quoteQty": "94.98080000",
		"time": 1662710402209,
		"isBuyerMaker": false,
		"isBestMatch": true
	},
	{
		"id": 87,
		"price": "0.03680000",
		"qty": "341.00000000",
		"quoteQty": "12.54880000",
		"time": 1662710402280,
		"isBuyerMaker": false,
		"isBestMatch": true
	},
	{
		"id": 88,
		"price": "0.03602000",
		"qty": "333.00000000",
		"quoteQty": "11.99466000",
		"time": 1662710402299,
		"isBuyerMaker": true,
		"isBestMatch": true
	},
	{
		"id": 89,
		"price": "0.03680000",
		"qty": "8346.00000000",
		"quoteQty": "307.13280000",
		"time": 1662710402391,
		"isBuyerMaker": false,
		"isBestMatch": true
	},
	{
		"id": 90,
		"price": "0.03680000",
		"qty": "21023.00000000",
		"quoteQty": "773.64640000",
		"time": 1662710402483,
		"isBuyerMaker": false,
		"isBestMatch": true
	},
	{
		"id": 91,
		"price": "0.03606000",
		"qty": "4008.00000000",
		"quoteQty": "144.52848000",
		"time": 1662710402502,
		"isBuyerMaker": true,
		"isBestMatch": true
	},
	{
		"id": 92,
		"price": "0.03680000",
		"qty": "5969.00000000",
		"quoteQty": "219.65920000",
		"time": 1662710402513,
		"isBuyerMaker": false,
		"isBestMatch": true
	},
	{
		"id": 93,
		"price": "0.03680000",
		"qty": "180435.00000000",
		"quoteQty": "6640.00800000",
		"time": 1662710402530,
		"isBuyerMaker": false,
		"isBestMatch": true
	},
	{
		"id": 94,
		"price": "0.03680000",
		"qty": "497.00000000",
		"quoteQty": "18.28960000",
		"time": 1662710402560,
		"isBuyerMaker": false,
		"isBestMatch": true
	},
	{
		"id": 95,
		"price": "0.03679000",
		"qty": "274.00000000",
		"quoteQty": "10.08046000",
		"time": 1662710402607,
		"isBuyerMaker": false,
		"isBestMatch": true
	},
	{
		"id": 96,
		"price": "0.03679000",
		"qty": "4067.00000000",
		"quoteQty": "149.62493000",
		"time": 1662710402627,
		"isBuyerMaker": false,
		"isBestMatch": true
	},
	{
		"id": 97,
		"price": "0.03680000",
		"qty": "2382.00000000",
		"quoteQty": "87.65760000",
		"time": 1662710402627,
		"isBuyerMaker": false,
		"isBestMatch": true
	},
	{
		"id": 98,
		"price": "0.03680000",
		"qty": "82015.00000000",
		"quoteQty": "3018.15200000",
		"time": 1662710402685,
		"isBuyerMaker": false,
		"isBestMatch": true
	},
	{
		"id": 99,
		"price": "0.03608000",
		"qty": "5063.00000000",
		"quoteQty": "182.67304000",
		"time": 1662710402685,
		"isBuyerMaker": true,
		"isBestMatch": true
	},
	{
		"id": 100,
		"price": "0.03608000",
		"qty": "2155.00000000",
		"quoteQty": "77.75240000",
		"time": 1662710402696,
		"isBuyerMaker": true,
		"isBestMatch": true
	},
	{
		"id": 101,
		"price": "0.03608000",
		"qty": "7638.00000000",
		"quoteQty": "275.57904000",
		"time": 1662710402696,
		"isBuyerMaker": true,
		"isBestMatch": true
	},
	{
		"id": 102,
		"price": "0.03607000",
		"qty": "7594.00000000",
		"quoteQty": "273.91558000",
		"time": 1662710402696,
		"isBuyerMaker": true,
		"isBestMatch": true
	},
	{
		"id": 103,
		"price": "0.03603000",
		"qty": "5171.00000000",
		"quoteQty": "186.31113000",
		"time": 1662710402696,
		"isBuyerMaker": true,
		"isBestMatch": true
	},
	{
		"id": 104,
		"price": "0.03603000",
		"qty": "1450.00000000",
		"quoteQty": "52.24350000",
		"time": 1662710402696,
		"isBuyerMaker": true,
		"isBestMatch": true
	},
	{
		"id": 105,
		"price": "0.03600000",
		"qty": "575.00000000",
		"quoteQty": "20.70000000",
		"time": 1662710402696,
		"isBuyerMaker": true,
		"isBestMatch": true
	},
	{
		"id": 106,
		"price": "0.03600000",
		"qty": "423.00000000",
		"quoteQty": "15.22800000",
		"time": 1662710402696,
		"isBuyerMaker": true,
		"isBestMatch": true
	},
	{
		"id": 107,
		"price": "0.03600000",
		"qty": "1482.00000000",
		"quoteQty": "53.35200000",
		"time": 1662710402696,
		"isBuyerMaker": true,
		"isBestMatch": true
	},
	{
		"id": 108,
		"price": "0.03600000",
		"qty": "968.00000000",
		"quoteQty": "34.84800000",
		"time": 1662710402696,
		"isBuyerMaker": true,
		"isBestMatch": true
	},
	{
		"id": 109,
		"price": "0.03600000",
		"qty": "479.00000000",
		"quoteQty": "17.24400000",
		"time": 1662710402696,
		"isBuyerMaker": true,
		"isBestMatch": true
	},
	{
		"id": 110,
		"price": "0.03584000",
		"qty": "1566.00000000",
		"quoteQty": "56.12544000",
		"time": 1662710402696,
		"isBuyerMaker": true,
		"isBestMatch": true
	},
	{
		"id": 111,
		"price": "0.03584000",
		"qty": "6785.00000000",
		"quoteQty": "243.17440000",
		"time": 1662710402696,
		"isBuyerMaker": true,
		"isBestMatch": true
	},
	{
		"id": 112,
		"price": "0.03583000",
		"qty": "9331.00000000",
		"quoteQty": "334.32973000",
		"time": 1662710402696,
		"isBuyerMaker": true,
		"isBestMatch": true
	},
	{
		"id": 113,
		"price": "0.03385000",
		"qty": "15648.00000000",
		"quoteQty": "529.68480000",
		"time": 1662710402696,
		"isBuyerMaker": true,
		"isBestMatch": true
	},
	{
		"id": 114,
		"price": "0.03313000",
		"qty": "13455.00000000",
		"quoteQty": "445.76415000",
		"time": 1662710402696,
		"isBuyerMaker": true,
		"isBestMatch": true
	},
	{
		"id": 115,
		"price": "0.03277000",
		"qty": "16164.00000000",
		"quoteQty": "529.69428000",
		"time": 1662710402696,
		"isBuyerMaker": true,
		"isBestMatch": true
	},
	{
		"id": 116,
		"price": "0.03188000",
		"qty": "9393.00000000",
		"quoteQty": "299.44884000",
		"time": 1662710402696,
		"isBuyerMaker": true,
		"isBestMatch": true
	},
	{
		"id": 117,
		"price": "0.03169000",
		"qty": "16715.00000000",
		"quoteQty": "529.69835000",
		"time": 1662710402696,
		"isBuyerMaker": true,
		"isBestMatch": true
	},
	{
		"id": 118,
		"price": "0.03158000",
		"qty": "9499.00000000",
		"quoteQty": "299.97842000",
		"time": 1662710402696,
		"isBuyerMaker": true,
		"isBestMatch": true
	},
	{
		"id": 119,
		"price": "0.03126000",
		"qty": "3913.00000000",
		"quoteQty": "122.32038000",
		"time": 1662710402696,
		"isBuyerMaker": true,
		"isBestMatch": true
	},
	{
		"id": 120,
		"price": "0.03092000",
		"qty": "16009.00000000",
		"quoteQty": "494.99828000",
		"time": 1662710402696,
		"isBuyerMaker": true,
		"isBestMatch": true
	},
	{
		"id": 121,
		"price": "0.03065000",
		"qty": "106114.00000000",
		"quoteQty": "3252.39410000",
		"time": 1662710402696,
		"isBuyerMaker": true,
		"isBestMatch": true
	},
	{
		"id": 122,
		"price": "0.03679000",
		"qty": "3889.00000000",
		"quoteQty": "143.07631000",
		"time": 1662710402715,
		"isBuyerMaker": false,
		"isBestMatch": true
	},
	{
		"id": 123,
		"price": "0.03609000",
		"qty": "7065.00000000",
		"quoteQty": "254.97585000",
		"time": 1662710402720,
		"isBuyerMaker": true,
		"isBestMatch": true
	},
	{
		"id": 124,
		"price": "0.03557000",
		"qty": "516.00000000",
		"quoteQty": "18.35412000",
		"time": 1662710402731,
		"isBuyerMaker": false,
		"isBestMatch": true
	},
	{
		"id": 125,
		"price": "0.03493000",
		"qty": "544.00000000",
		"quoteQty": "19.00192000",
		"time": 1662710402821,
		"isBuyerMaker": false,
		"isBestMatch": true
	},
	{
		"id": 126,
		"price": "0.03209000",
		"qty": "30000.00000000",
		"quoteQty": "962.70000000",
		"time": 1662710402889,
		"isBuyerMaker": true,
		"isBestMatch": true
	},
	{
		"id": 127,
		"price": "0.03490000",
		"qty": "2785.00000000",
		"quoteQty": "97.19650000",
		"time": 1662710402934,
		"isBuyerMaker": false,
		"isBestMatch": true
	},
	{
		"id": 128,
		"price": "0.03491000",
		"qty": "7638.00000000",
		"quoteQty": "266.64258000",
		"time": 1662710402934,
		"isBuyerMaker": false,
		"isBestMatch": true
	},
	{
		"id": 129,
		"price": "0.03491000",
		"qty": "7594.00000000",
		"quoteQty": "265.10654000",
		"time": 1662710402934,
		"isBuyerMaker": false,
		"isBestMatch": true
	},
	{
		"id": 130,
		"price": "0.03493000",
		"qty": "9499.00000000",
		"quoteQty": "331.80007000",
		"time": 1662710402934,
		"isBuyerMaker": false,
		"isBestMatch": true
	},
	{
		"id": 131,
		"price": "0.03494000",
		"qty": "6785.00000000",
		"quoteQty": "237.06790000",
		"time": 1662710402934,
		"isBuyerMaker": false,
		"isBestMatch": true
	},
	{
		"id": 132,
		"price": "0.03495000",
		"qty": "3913.00000000",
		"quoteQty": "136.75935000",
		"time": 1662710402934,
		"isBuyerMaker": false,
		"isBestMatch": true
	},
	{
		"id": 133,
		"price": "0.03529000",
		"qty": "12070.00000000",
		"quoteQty": "425.95030000",
		"time": 1662710402934,
		"isBuyerMaker": false,
		"isBestMatch": true
	},
	{
		"id": 134,
		"price": "0.03490000",
		"qty": "802.00000000",
		"quoteQty": "27.98980000",
		"time": 1662710402948,
		"isBuyerMaker": false,
		"isBestMatch": true
	},
	{
		"id": 135,
		"price": "0.03212000",
		"qty": "35867.00000000",
		"quoteQty": "1152.04804000",
		"time": 1662710402974,
		"isBuyerMaker": true,
		"isBestMatch": true
	},
	{
		"id": 136,
		"price": "0.03423000",
		"qty": "16715.00000000",
		"quoteQty": "572.15445000",
		"time": 1662710403022,
		"isBuyerMaker": false,
		"isBestMatch": true
	},
	{
		"id": 137,
		"price": "0.03474000",
		"qty": "16164.00000000",
		"quoteQty": "561.53736000",
		"time": 1662710403022,
		"isBuyerMaker": false,
		"isBestMatch": true
	},
	{
		"id": 138,
		"price": "0.03489000",
		"qty": "7065.00000000",
		"quoteQty": "246.49785000",
		"time": 1662710403022,
		"isBuyerMaker": false,
		"isBestMatch": true
	},
	{
		"id": 139,
		"price": "0.03490000",
		"qty": "3664.00000000",
		"quoteQty": "127.87360000",
		"time": 1662710403022,
		"isBuyerMaker": false,
		"isBestMatch": true
	},
	{
		"id": 140,
		"price": "0.03213000",
		"qty": "850.00000000",
		"quoteQty": "27.31050000",
		"time": 1662710403051,
		"isBuyerMaker": true,
		"isBestMatch": true
	},
	{
		"id": 141,
		"price": "0.03213000",
		"qty": "8394.00000000",
		"quoteQty": "269.69922000",
		"time": 1662710403051,
		"isBuyerMaker": true,
		"isBestMatch": true
	},
	{
		"id": 142,
		"price": "0.03213000",
		"qty": "7051.00000000",
		"quoteQty": "226.54863000",
		"time": 1662710403051,
		"isBuyerMaker": true,
		"isBestMatch": true
	},
	{
		"id": 143,
		"price": "0.03212000",
		"qty": "19572.00000000",
		"quoteQty": "628.65264000",
		"time": 1662710403051,
		"isBuyerMaker": true,
		"isBestMatch": true
	},
	{
		"id": 144,
		"price": "0.03490000",
		"qty": "428.00000000",
		"quoteQty": "14.93720000",
		"time": 1662710403061,
		"isBuyerMaker": false,
		"isBestMatch": true
	},
	{
		"id": 145,
		"price": "0.03489000",
		"qty": "4150.00000000",
		"quoteQty": "144.79350000",
		"time": 1662710403144,
		"isBuyerMaker": false,
		"isBestMatch": true
	},
	{
		"id": 146,
		"price": "0.03489000",
		"qty": "2901.00000000",
		"quoteQty": "101.21589000",
		"time": 1662710403205,
		"isBuyerMaker": false,
		"isBestMatch": true
	},
	{
		"id": 147,
		"price": "0.03490000",
		"qty": "1450.00000000",
		"quoteQty": "50.60500000",
		"time": 1662710403205,
		"isBuyerMaker": false,
		"isBestMatch": true
	},
	{
		"id": 148,
		"price": "0.03490000",
		"qty": "1566.00000000",
		"quoteQty": "54.65340000",
		"time": 1662710403205,
		"isBuyerMaker": false,
		"isBestMatch": true
	},
	{
		"id": 149,
		"price": "0.03521000",
		"qty": "15648.00000000",
		"quoteQty": "550.96608000",
		"time": 1662710403205,
		"isBuyerMaker": false,
		"isBestMatch": true
	},
	{
		"id": 150,
		"price": "0.03529000",
		"qty": "1385.00000000",
		"quoteQty": "48.87665000",
		"time": 1662710403205,
		"isBuyerMaker": false,
		"isBestMatch": true
	},
	{
		"id": 151,
		"price": "0.03557000",
		"qty": "1812.00000000",
		"quoteQty": "64.45284000",
		"time": 1662710403205,
		"isBuyerMaker": false,
		"isBestMatch": true
	},
	{
		"id": 152,
		"price": "0.03680000",
		"qty": "3665.00000000",
		"quoteQty": "134.87200000",
		"time": 1662710403205,
		"isBuyerMaker": false,
		"isBestMatch": true
	},
	{
		"id": 153,
		"price": "0.03680000",
		"qty": "7858.00000000",
		"quoteQty": "289.17440000",
		"time": 1662710403206,
		"isBuyerMaker": false,
		"isBestMatch": true
	},
	{
		"id": 154,
		"price": "0.03680000",
		"qty": "25087.00000000",
		"quoteQty": "923.20160000",
		"time": 1662710403227,
		"isBuyerMaker": false,
		"isBestMatch": true
	},
	{
		"id": 155,
		"price": "0.03679000",
		"qty": "1359.00000000",
		"quoteQty": "49.99761000",
		"time": 1662710403256,
		"isBuyerMaker": false,
		"isBestMatch": true
	},
	{
		"id": 156,
		"price": "0.03447000",
		"qty": "1789.00000000",
		"quoteQty": "61.66683000",
		"time": 1662710403266,
		"isBuyerMaker": true,
		"isBestMatch": true
	},
	{
		"id": 157,
		"price": "0.03679000",
		"qty": "284.00000000",
		"quoteQty": "10.44836000",
		"time": 1662710403277,
		"isBuyerMaker": false,
		"isBestMatch": true
	},
	{
		"id": 158,
		"price": "0.03680000",
		"qty": "4237.00000000",
		"quoteQty": "155.92160000",
		"time": 1662710403277,
		"isBuyerMaker": false,
		"isBestMatch": true
	},
	{
		"id": 159,
		"price": "0.03600000",
		"qty": "1789.00000000",
		"quoteQty": "64.40400000",
		"time": 1662710403289,
		"isBuyerMaker": true,
		"isBestMatch": true
	},
	{
		"id": 160,
		"price": "0.03600000",
		"qty": "580.00000000",
		"quoteQty": "20.88000000",
		"time": 1662710403296,
		"isBuyerMaker": true,
		"isBestMatch": true
	},
	{
		"id": 161,
		"price": "0.03601000",
		"qty": "6990.00000000",
		"quoteQty": "251.70990000",
		"time": 1662710403306,
		"isBuyerMaker": true,
		"isBestMatch": true
	},
	{
		"id": 162,
		"price": "0.03600000",
		"qty": "1049.00000000",
		"quoteQty": "37.76400000",
		"time": 1662710403306,
		"isBuyerMaker": true,
		"isBestMatch": true
	},
	{
		"id": 163,
		"price": "0.03446000",
		"qty": "34762.00000000",
		"quoteQty": "1197.89852000",
		"time": 1662710403306,
		"isBuyerMaker": true,
		"isBestMatch": true
	},
	{
		"id": 164,
		"price": "0.03220000",
		"qty": "130656.00000000",
		"quoteQty": "4207.12320000",
		"time": 1662710403306,
		"isBuyerMaker": true,
		"isBestMatch": true
	},
	{
		"id": 165,
		"price": "0.03218000",
		"qty": "1578.00000000",
		"quoteQty": "50.78004000",
		"time": 1662710403306,
		"isBuyerMaker": true,
		"isBestMatch": true
	},
	{
		"id": 166,
		"price": "0.03218000",
		"qty": "1703.00000000",
		"quoteQty": "54.80254000",
		"time": 1662710403306,
		"isBuyerMaker": true,
		"isBestMatch": true
	},
	{
		"id": 167,
		"price": "0.03215000",
		"qty": "4083.00000000",
		"quoteQty": "131.26845000",
		"time": 1662710403306,
		"isBuyerMaker": true,
		"isBestMatch": true
	},
	{
		"id": 168,
		"price": "0.03213000",
		"qty": "7397.00000000",
		"quoteQty": "237.66561000",
		"time": 1662710403306,
		"isBuyerMaker": true,
		"isBestMatch": true
	},
	{
		"id": 169,
		"price": "0.03206000",
		"qty": "23975.00000000",
		"quoteQty": "768.63850000",
		"time": 1662710403306,
		"isBuyerMaker": true,
		"isBestMatch": true
	},
	{
		"id": 170,
		"price": "0.03188000",
		"qty": "6262.00000000",
		"quoteQty": "199.63256000",
		"time": 1662710403306,
		"isBuyerMaker": true,
		"isBestMatch": true
	},
	{
		"id": 171,
		"price": "0.03145000",
		"qty": "23805.00000000",
		"quoteQty": "748.66725000",
		"time": 1662710403306,
		"isBuyerMaker": true,
		"isBestMatch": true
	},
	{
		"id": 172,
		"price": "0.03136000",
		"qty": "12732.00000000",
		"quoteQty": "399.27552000",
		"time": 1662710403306,
		"isBuyerMaker": true,
		"isBestMatch": true
	},
	{
		"id": 173,
		"price": "0.03126000",
		"qty": "6363.00000000",
		"quoteQty": "198.90738000",
		"time": 1662710403306,
		"isBuyerMaker": true,
		"isBestMatch": true
	},
	{
		"id": 174,
		"price": "0.03126000",
		"qty": "934.00000000",
		"quoteQty": "29.19684000",
		"time": 1662710403306,
		"isBuyerMaker": true,
		"isBestMatch": true
	},
	{
		"id": 175,
		"price": "0.03126000",
		"qty": "980.00000000",
		"quoteQty": "30.63480000",
		"time": 1662710403306,
		"isBuyerMaker": true,
		"isBestMatch": true
	},
	{
		"id": 176,
		"price": "0.03126000",
		"qty": "934.00000000",
		"quoteQty": "29.19684000",
		"time": 1662710403306,
		"isBuyerMaker": true,
		"isBestMatch": true
	},
	{
		"id": 177,
		"price": "0.03126000",
		"qty": "980.00000000",
		"quoteQty": "30.63480000",
		"time": 1662710403306,
		"isBuyerMaker": true,
		"isBestMatch": true
	},
	{
		"id": 178,
		"price": "0.03126000",
		"qty": "934.00000000",
		"quoteQty": "29.19684000",
		"time": 1662710403306,
		"isBuyerMaker": true,
		"isBestMatch": true
	},
	{
		"id": 179,
		"price": "0.03126000",
		"qty": "980.00000000",
		"quoteQty": "30.63480000",
		"time": 1662710403306,
		"isBuyerMaker": true,
		"isBestMatch": true
	},
	{
		"id": 180,
		"price": "0.03126000",
		"qty": "934.00000000",
		"quoteQty": "29.19684000",
		"time": 1662710403306,
		"isBuyerMaker": true,
		"isBestMatch": true
	},
	{
		"id": 181,
		"price": "0.03126000",
		"qty": "980.00000000",
		"quoteQty": "30.63480000",
		"time": 1662710403306,
		"isBuyerMaker": true,
		"isBestMatch": true
	},
	{
		"id": 182,
		"price": "0.03126000",
		"qty": "934.00000000",
		"quoteQty": "29.19684000",
		"time": 1662710403306,
		"isBuyerMaker": true,
		"isBestMatch": true
	},
	{
		"id": 183,
		"price": "0.03126000",
		"qty": "980.00000000",
		"quoteQty": "30.63480000",
		"time": 1662710403306,
		"isBuyerMaker": true,
		"isBestMatch": true
	},
	{
		"id": 184,
		"price": "0.03126000",
		"qty": "934.00000000",
		"quoteQty": "29.19684000",
		"time": 1662710403306,
		"isBuyerMaker": true,
		"isBestMatch": true
	},
	{
		"id": 185,
		"price": "0.03126000",
		"qty": "980.00000000",
		"quoteQty": "30.63480000",
		"time": 1662710403306,
		"isBuyerMaker": true,
		"isBestMatch": true
	},
	{
		"id": 186,
		"price": "0.03126000",
		"qty": "934.00000000",
		"quoteQty": "29.19684000",
		"time": 1662710403306,
		"isBuyerMaker": true,
		"isBestMatch": true
	},
	{
		"id": 187,
		"price": "0.03126000",
		"qty": "980.00000000",
		"quoteQty": "30.63480000",
		"time": 1662710403306,
		"isBuyerMaker": true,
		"isBestMatch": true
	},
	{
		"id": 188,
		"price": "0.03126000",
		"qty": "934.00000000",
		"quoteQty": "29.19684000",
		"time": 1662710403306,
		"isBuyerMaker": true,
		"isBestMatch": true
	},
	{
		"id": 189,
		"price": "0.03126000",
		"qty": "980.00000000",
		"quoteQty": "30.63480000",
		"time": 1662710403306,
		"isBuyerMaker": true,
		"isBestMatch": true
	},
	{
		"id": 190,
		"price": "0.03126000",
		"qty": "934.00000000",
		"quoteQty": "29.19684000",
		"time": 1662710403306,
		"isBuyerMaker": true,
		"isBestMatch": true
	},
	{
		"id": 191,
		"price": "0.03126000",
		"qty": "980.00000000",
		"quoteQty": "30.63480000",
		"time": 1662710403306,
		"isBuyerMaker": true,
		"isBestMatch": true
	},
	{
		"id": 192,
		"price": "0.03126000",
		"qty": "932.00000000",
		"quoteQty": "29.13432000",
		"time": 1662710403306,
		"isBuyerMaker": true,
		"isBestMatch": true
	},
	{
		"id": 193,
		"price": "0.03126000",
		"qty": "979.00000000",
		"quoteQty": "30.60354000",
		"time": 1662710403306,
		"isBuyerMaker": true,
		"isBestMatch": true
	},
	{
		"id": 194,
		"price": "0.03096000",
		"qty": "323.00000000",
		"quoteQty": "10.00008000",
		"time": 1662710403306,
		"isBuyerMaker": true,
		"isBestMatch": true
	},
	{
		"id": 195,
		"price": "0.03096000",
		"qty": "323.00000000",
		"quoteQty": "10.00008000",
		"time": 1662710403306,
		"isBuyerMaker": true,
		"isBestMatch": true
	},
	{
		"id": 196,
		"price": "0.03096000",
		"qty": "323.00000000",
		"quoteQty": "10.00008000",
		"time": 1662710403306,
		"isBuyerMaker": true,
		"isBestMatch": true
	},
	{
		"id": 197,
		"price": "0.03096000",
		"qty": "323.00000000",
		"quoteQty": "10.00008000",
		"time": 1662710403306,
		"isBuyerMaker": true,
		"isBestMatch": true
	},
	{
		"id": 198,
		"price": "0.03096000",
		"qty": "320.00000000",
		"quoteQty": "9.90720000",
		"time": 1662710403306,
		"isBuyerMaker": true,
		"isBestMatch": true
	},
	{
		"id": 199,
		"price": "0.03092000",
		"qty": "6456.00000000",
		"quoteQty": "199.61952000",
		"time": 1662710403306,
		"isBuyerMaker": true,
		"isBestMatch": true
	},
	{
		"id": 200,
		"price": "0.03090000",
		"qty": "9442.00000000",
		"quoteQty": "291.75780000",
		"time": 1662710403306,
		"isBuyerMaker": true,
		"isBestMatch": true
	},
	{
		"id": 201,
		"price": "0.03083000",
		"qty": "3237.00000000",
		"quoteQty": "99.79671000",
		"time": 1662710403306,
		"isBuyerMaker": true,
		"isBestMatch": true
	},
	{
		"id": 202,
		"price": "0.03077000",
		"qty": "325.00000000",
		"quoteQty": "10.00025000",
		"time": 1662710403306,
		"isBuyerMaker": true,
		"isBestMatch": true
	},
	{
		"id": 203,
		"price": "0.03077000",
		"qty": "325.00000000",
		"quoteQty": "10.00025000",
		"time": 1662710403306,
		"isBuyerMaker": true,
		"isBestMatch": true
	},
	{
		"id": 204,
		"price": "0.03077000",
		"qty": "325.00000000",
		"quoteQty": "10.00025000",
		"time": 1662710403306,
		"isBuyerMaker": true,
		"isBestMatch": true
	},
	{
		"id": 205,
		"price": "0.03077000",
		"qty": "325.00000000",
		"quoteQty": "10.00025000",
		"time": 1662710403306,
		"isBuyerMaker": true,
		"isBestMatch": true
	},
	{
		"id": 206,
		"price": "0.03077000",
		"qty": "322.00000000",
		"quoteQty": "9.90794000",
		"time": 1662710403306,
		"isBuyerMaker": true,
		"isBestMatch": true
	},
	{
		"id": 207,
		"price": "0.03065000",
		"qty": "28514.00000000",
		"quoteQty": "873.95410000",
		"time": 1662710403306,
		"isBuyerMaker": true,
		"isBestMatch": true
	},
	{
		"id": 208,
		"price": "0.03044000",
		"qty": "923.00000000",
		"quoteQty": "28.09612000",
		"time": 1662710403306,
		"isBuyerMaker": true,
		"isBestMatch": true
	},
	{
		"id": 209,
		"price": "0.03044000",
		"qty": "6285.00000000",
		"quoteQty": "191.31540000",
		"time": 1662710403306,
		"isBuyerMaker": true,
		"isBestMatch": true
	},
	{
		"id": 210,
		"price": "0.03044000",
		"qty": "949.00000000",
		"quoteQty": "28.88756000",
		"time": 1662710403306,
		"isBuyerMaker": true,
		"isBestMatch": true
	},
	{
		"id": 211,
		"price": "0.03044000",
		"qty": "923.00000000",
		"quoteQty": "28.09612000",
		"time": 1662710403306,
		"isBuyerMaker": true,
		"isBestMatch": true
	},
	{
		"id": 212,
		"price": "0.03044000",
		"qty": "949.00000000",
		"quoteQty": "28.88756000",
		"time": 1662710403306,
		"isBuyerMaker": true,
		"isBestMatch": true
	},
	{
		"id": 213,
		"price": "0.03044000",
		"qty": "923.00000000",
		"quoteQty": "28.09612000",
		"time": 1662710403306,
		"isBuyerMaker": true,
		"isBestMatch": true
	},
	{
		"id": 214,
		"price": "0.03044000",
		"qty": "949.00000000",
		"quoteQty": "28.88756000",
		"time": 1662710403306,
		"isBuyerMaker": true,
		"isBestMatch": true
	},
	{
		"id": 215,
		"price": "0.03044000",
		"qty": "923.00000000",
		"quoteQty": "28.09612000",
		"time": 1662710403306,
		"isBuyerMaker": true,
		"isBestMatch": true
	},
	{
		"id": 216,
		"price": "0.03044000",
		"qty": "949.00000000",
		"quoteQty": "28.88756000",
		"time": 1662710403306,
		"isBuyerMaker": true,
		"isBestMatch": true
	},
	{
		"id": 217,
		"price": "0.03044000",
		"qty": "923.00000000",
		"quoteQty": "28.09612000",
		"time": 1662710403306,
		"isBuyerMaker": true,
		"isBestMatch": true
	},
	{
		"id": 218,
		"price": "0.03044000",
		"qty": "949.00000000",
		"quoteQty": "28.88756000",
		"time": 1662710403306,
		"isBuyerMaker": true,
		"isBestMatch": true
	},
	{
		"id": 219,
		"price": "0.03044000",
		"qty": "923.00000000",
		"quoteQty": "28.09612000",
		"time": 1662710403306,
		"isBuyerMaker": true,
		"isBestMatch": true
	},
	{
		"id": 220,
		"price": "0.03044000",
		"qty": "949.00000000",
		"quoteQty": "28.88756000",
		"time": 1662710403306,
		"isBuyerMaker": true,
		"isBestMatch": true
	},
	{
		"id": 221,
		"price": "0.03044000",
		"qty": "923.00000000",
		"quoteQty": "28.09612000",
		"time": 1662710403306,
		"isBuyerMaker": true,
		"isBestMatch": true
	},
	{
		"id": 222,
		"price": "0.03044000",
		"qty": "949.00000000",
		"quoteQty": "28.88756000",
		"time": 1662710403306,
		"isBuyerMaker": true,
		"isBestMatch": true
	},
	{
		"id": 223,
		"price": "0.03044000",
		"qty": "923.00000000",
		"quoteQty": "28.09612000",
		"time": 1662710403306,
		"isBuyerMaker": true,
		"isBestMatch": true
	},
	{
		"id": 224,
		"price": "0.03044000",
		"qty": "949.00000000",
		"quoteQty": "28.88756000",
		"time": 1662710403306,
		"isBuyerMaker": true,
		"isBestMatch": true
	},
	{
		"id": 225,
		"price": "0.03044000",
		"qty": "923.00000000",
		"quoteQty": "28.09612000",
		"time": 1662710403306,
		"isBuyerMaker": true,
		"isBestMatch": true
	},
	{
		"id": 226,
		"price": "0.03044000",
		"qty": "949.00000000",
		"quoteQty": "28.88756000",
		"time": 1662710403306,
		"isBuyerMaker": true,
		"isBestMatch": true
	},
	{
		"id": 227,
		"price": "0.03044000",
		"qty": "916.00000000",
		"quoteQty": "27.88304000",
		"time": 1662710403306,
		"isBuyerMaker": true,
		"isBestMatch": true
	},
	{
		"id": 228,
		"price": "0.03044000",
		"qty": "940.00000000",
		"quoteQty": "28.61360000",
		"time": 1662710403306,
		"isBuyerMaker": true,
		"isBestMatch": true
	},
	{
		"id": 229,
		"price": "0.03043000",
		"qty": "1640.00000000",
		"quoteQty": "49.90520000",
		"time": 1662710403306,
		"isBuyerMaker": true,
		"isBestMatch": true
	},
	{
		"id": 230,
		"price": "0.03022000",
		"qty": "14670.00000000",
		"quoteQty": "443.32740000",
		"time": 1662710403306,
		"isBuyerMaker": true,
		"isBestMatch": true
	},
	{
		"id": 231,
		"price": "0.03629000",
		"qty": "1157.00000000",
		"quoteQty": "41.98753000",
		"time": 1662710403313,
		"isBuyerMaker": false,
		"isBestMatch": true
	},
	{
		"id": 232,
		"price": "0.03220000",
		"qty": "1640.00000000",
		"quoteQty": "52.80800000",
		"time": 1662710403329,
		"isBuyerMaker": true,
		"isBestMatch": true
	},
	{
		"id": 233,
		"price": "0.03535000",
		"qty": "6285.00000000",
		"quoteQty": "222.17475000",
		"time": 1662710403360,
		"isBuyerMaker": false,
		"isBestMatch": true
	},
	{
		"id": 234,
		"price": "0.03557000",
		"qty": "324.00000000",
		"quoteQty": "11.52468000",
		"time": 1662710403360,
		"isBuyerMaker": false,
		"isBestMatch": true
	},
	{
		"id": 235,
		"price": "0.03557000",
		"qty": "1622.00000000",
		"quoteQty": "57.69454000",
		"time": 1662710403360,
		"isBuyerMaker": false,
		"isBestMatch": true
	},
	{
		"id": 236,
		"price": "0.03557000",
		"qty": "324.00000000",
		"quoteQty": "11.52468000",
		"time": 1662710403360,
		"isBuyerMaker": false,
		"isBestMatch": true
	},
	{
		"id": 237,
		"price": "0.03557000",
		"qty": "324.00000000",
		"quoteQty": "11.52468000",
		"time": 1662710403360,
		"isBuyerMaker": false,
		"isBestMatch": true
	},
	{
		"id": 238,
		"price": "0.03557000",
		"qty": "324.00000000",
		"quoteQty": "11.52468000",
		"time": 1662710403360,
		"isBuyerMaker": false,
		"isBestMatch": true
	},
	{
		"id": 239,
		"price": "0.03557000",
		"qty": "324.00000000",
		"quoteQty": "11.52468000",
		"time": 1662710403360,
		"isBuyerMaker": false,
		"isBestMatch": true
	},
	{
		"id": 240,
		"price": "0.03557000",
		"qty": "324.00000000",
		"quoteQty": "11.52468000",
		"time": 1662710403360,
		"isBuyerMaker": false,
		"isBestMatch": true
	},
	{
		"id": 241,
		"price": "0.03557000",
		"qty": "324.00000000",
		"quoteQty": "11.52468000",
		"time": 1662710403360,
		"isBuyerMaker": false,
		"isBestMatch": true
	},
	{
		"id": 242,
		"price": "0.03557000",
		"qty": "324.00000000",
		"quoteQty": "11.52468000",
		"time": 1662710403360,
		"isBuyerMaker": false,
		"isBestMatch": true
	},
	{
		"id": 243,
		"price": "0.03557000",
		"qty": "324.00000000",
		"quoteQty": "11.52468000",
		"time": 1662710403360,
		"isBuyerMaker": false,
		"isBestMatch": true
	},
	{
		"id": 244,
		"price": "0.03557000",
		"qty": "321.00000000",
		"quoteQty": "11.41797000",
		"time": 1662710403360,
		"isBuyerMaker": false,
		"isBestMatch": true
	},
	{
		"id": 245,
		"price": "0.03600000",
		"qty": "6262.00000000",
		"quoteQty": "225.43200000",
		"time": 1662710403360,
		"isBuyerMaker": true,
		"isBestMatch": true
	},
	{
		"id": 246,
		"price": "0.03600000",
		"qty": "9223.00000000",
		"quoteQty": "332.02800000",
		"time": 1662710403361,
		"isBuyerMaker": true,
		"isBestMatch": true
	},
	{
		"id": 247,
		"price": "0.03606000",
		"qty": "1601.00000000",
		"quoteQty": "57.73206000",
		"time": 1662710403362,
		"isBuyerMaker": false,
		"isBestMatch": true
	},
	{
		"id": 248,
		"price": "0.03606000",
		"qty": "1601.00000000",
		"quoteQty": "57.73206000",
		"time": 1662710403362,
		"isBuyerMaker": false,
		"isBestMatch": true
	},
	{
		"id": 249,
		"price": "0.03606000",
		"qty": "1601.00000000",
		"quoteQty": "57.73206000",
		"time": 1662710403362,
		"isBuyerMaker": false,
		"isBestMatch": true
	},
	{
		"id": 250,
		"price": "0.03606000",
		"qty": "1601.00000000",
		"quoteQty": "57.73206000",
		"time": 1662710403362,
		"isBuyerMaker": false,
		"isBestMatch": true
	},
	{
		"id": 251,
		"price": "0.03606000",
		"qty": "1601.00000000",
		"quoteQty": "57.73206000",
		"time": 1662710403362,
		"isBuyerMaker": false,
		"isBestMatch": true
	},
	{
		"id": 252,
		"price": "0.03606000",
		"qty": "1601.00000000",
		"quoteQty": "57.73206000",
		"time": 1662710403362,
		"isBuyerMaker": false,
		"isBestMatch": true
	},
	{
		"id": 253,
		"price": "0.03606000",
		"qty": "1601.00000000",
		"quoteQty": "57.73206000",
		"time": 1662710403362,
		"isBuyerMaker": false,
		"isBestMatch": true
	},
	{
		"id": 254,
		"price": "0.03606000",
		"qty": "1601.00000000",
		"quoteQty": "57.73206000",
		"time": 1662710403362,
		"isBuyerMaker": false,
		"isBestMatch": true
	},
	{
		"id": 255,
		"price": "0.03606000",
		"qty": "1601.00000000",
		"quoteQty": "57.73206000",
		"time": 1662710403362,
		"isBuyerMaker": false,
		"isBestMatch": true
	},
	{
		"id": 256,
		"price": "0.03606000",
		"qty": "1600.00000000",
		"quoteQty": "57.69600000",
		"time": 1662710403362,
		"isBuyerMaker": false,
		"isBestMatch": true
	},
	{
		"id": 257,
		"price": "0.03628000",
		"qty": "4083.00000000",
		"quoteQty": "148.13124000",
		"time": 1662710403362,
		"isBuyerMaker": false,
		"isBestMatch": true
	},
	{
		"id": 258,
		"price": "0.03628000",
		"qty": "1578.00000000",
		"quoteQty": "57.24984000",
		"time": 1662710403362,
		"isBuyerMaker": false,
		"isBestMatch": true
	},
	{
		"id": 259,
		"price": "0.03628000",
		"qty": "1703.00000000",
		"quoteQty": "61.78484000",
		"time": 1662710403362,
		"isBuyerMaker": false,
		"isBestMatch": true
	},
	{
		"id": 260,
		"price": "0.03630000",
		"qty": "1535.00000000",
		"quoteQty": "55.72050000",
		"time": 1662710403362,
		"isBuyerMaker": false,
		"isBestMatch": true
	},
	{
		"id": 261,
		"price": "0.03630000",
		"qty": "1535.00000000",
		"quoteQty": "55.72050000",
		"time": 1662710403362,
		"isBuyerMaker": false,
		"isBestMatch": true
	},
	{
		"id": 262,
		"price": "0.03630000",
		"qty": "1535.00000000",
		"quoteQty": "55.72050000",
		"time": 1662710403362,
		"isBuyerMaker": false,
		"isBestMatch": true
	},
	{
		"id": 263,
		"price": "0.03630000",
		"qty": "1535.00000000",
		"quoteQty": "55.72050000",
		"time": 1662710403362,
		"isBuyerMaker": false,
		"isBestMatch": true
	},
	{
		"id": 264,
		"price": "0.03630000",
		"qty": "1535.00000000",
		"quoteQty": "55.72050000",
		"time": 1662710403362,
		"isBuyerMaker": false,
		"isBestMatch": true
	},
	{
		"id": 265,
		"price": "0.03630000",
		"qty": "1535.00000000",
		"quoteQty": "55.72050000",
		"time": 1662710403362,
		"isBuyerMaker": false,
		"isBestMatch": true
	},
	{
		"id": 266,
		"price": "0.03630000",
		"qty": "1535.00000000",
		"quoteQty": "55.72050000",
		"time": 1662710403362,
		"isBuyerMaker": false,
		"isBestMatch": true
	},
	{
		"id": 267,
		"price": "0.03630000",
		"qty": "1535.00000000",
		"quoteQty": "55.72050000",
		"time": 1662710403362,
		"isBuyerMaker": false,
		"isBestMatch": true
	},
	{
		"id": 268,
		"price": "0.03630000",
		"qty": "1535.00000000",
		"quoteQty": "55.72050000",
		"time": 1662710403362,
		"isBuyerMaker": false,
		"isBestMatch": true
	},
	{
		"id": 269,
		"price": "0.03630000",
		"qty": "1528.00000000",
		"quoteQty": "55.46640000",
		"time": 1662710403362,
		"isBuyerMaker": false,
		"isBestMatch": true
	},
	{
		"id": 270,
		"price": "0.03680000",
		"qty": "4493.00000000",
		"quoteQty": "165.34240000",
		"time": 1662710403362,
		"isBuyerMaker": false,
		"isBestMatch": true
	},
	{
		"id": 271,
		"price": "0.03600000",
		"qty": "6363.00000000",
		"quoteQty": "229.06800000",
		"time": 1662710403364,
		"isBuyerMaker": true,
		"isBestMatch": true
	},
	{
		"id": 272,
		"price": "0.03600000",
		"qty": "63.00000000",
		"quoteQty": "2.26800000",
		"time": 1662710403367,
		"isBuyerMaker": true,
		"isBestMatch": true
	},
	{
		"id": 273,
		"price": "0.03495000",
		"qty": "934.00000000",
		"quoteQty": "32.64330000",
		"time": 1662710403381,
		"isBuyerMaker": false,
		"isBestMatch": true
	},
	{
		"id": 274,
		"price": "0.03495000",
		"qty": "934.00000000",
		"quoteQty": "32.64330000",
		"time": 1662710403381,
		"isBuyerMaker": false,
		"isBestMatch": true
	},
	{
		"id": 275,
		"price": "0.03495000",
		"qty": "934.00000000",
		"quoteQty": "32.64330000",
		"time": 1662710403381,
		"isBuyerMaker": false,
		"isBestMatch": true
	},
	{
		"id": 276,
		"price": "0.03495000",
		"qty": "934.00000000",
		"quoteQty": "32.64330000",
		"time": 1662710403381,
		"isBuyerMaker": false,
		"isBestMatch": true
	},
	{
		"id": 277,
		"price": "0.03495000",
		"qty": "934.00000000",
		"quoteQty": "32.64330000",
		"time": 1662710403381,
		"isBuyerMaker": false,
		"isBestMatch": true
	},
	{
		"id": 278,
		"price": "0.03495000",
		"qty": "934.00000000",
		"quoteQty": "32.64330000",
		"time": 1662710403381,
		"isBuyerMaker": false,
		"isBestMatch": true
	},
	{
		"id": 279,
		"price": "0.03495000",
		"qty": "934.00000000",
		"quoteQty": "32.64330000",
		"time": 1662710403381,
		"isBuyerMaker": false,
		"isBestMatch": true
	},
	{
		"id": 280,
		"price": "0.03495000",
		"qty": "934.00000000",
		"quoteQty": "32.64330000",
		"time": 1662710403381,
		"isBuyerMaker": false,
		"isBestMatch": true
	},
	{
		"id": 281,
		"price": "0.03495000",
		"qty": "934.00000000",
		"quoteQty": "32.64330000",
		"time": 1662710403381,
		"isBuyerMaker": false,
		"isBestMatch": true
	},
	{
		"id": 282,
		"price": "0.03495000",
		"qty": "932.00000000",
		"quoteQty": "32.57340000",
		"time": 1662710403381,
		"isBuyerMaker": false,
		"isBestMatch": true
	},
	{
		"id": 283,
		"price": "0.03534000",
		"qty": "6990.00000000",
		"quoteQty": "247.02660000",
		"time": 1662710403381,
		"isBuyerMaker": false,
		"isBestMatch": true
	},
	{
		"id": 284,
		"price": "0.03545000",
		"qty": "2381.00000000",
		"quoteQty": "84.40645000",
		"time": 1662710403381,
		"isBuyerMaker": false,
		"isBestMatch": true
	},
	{
		"id": 285,
		"price": "0.03545000",
		"qty": "2381.00000000",
		"quoteQty": "84.40645000",
		"time": 1662710403381,
		"isBuyerMaker": false,
		"isBestMatch": true
	},
	{
		"id": 286,
		"price": "0.03545000",
		"qty": "2381.00000000",
		"quoteQty": "84.40645000",
		"time": 1662710403381,
		"isBuyerMaker": false,
		"isBestMatch": true
	},
	{
		"id": 287,
		"price": "0.03545000",
		"qty": "2381.00000000",
		"quoteQty": "84.40645000",
		"time": 1662710403381,
		"isBuyerMaker": false,
		"isBestMatch": true
	},
	{
		"id": 288,
		"price": "0.03545000",
		"qty": "2381.00000000",
		"quoteQty": "84.40645000",
		"time": 1662710403381,
		"isBuyerMaker": false,
		"isBestMatch": true
	},
	{
		"id": 289,
		"price": "0.03545000",
		"qty": "2381.00000000",
		"quoteQty": "84.40645000",
		"time": 1662710403381,
		"isBuyerMaker": false,
		"isBestMatch": true
	},
	{
		"id": 290,
		"price": "0.03545000",
		"qty": "2381.00000000",
		"quoteQty": "84.40645000",
		"time": 1662710403381,
		"isBuyerMaker": false,
		"isBestMatch": true
	},
	{
		"id": 291,
		"price": "0.03545000",
		"qty": "2381.00000000",
		"quoteQty": "84.40645000",
		"time": 1662710403381,
		"isBuyerMaker": false,
		"isBestMatch": true
	},
	{
		"id": 292,
		"price": "0.03545000",
		"qty": "2381.00000000",
		"quoteQty": "84.40645000",
		"time": 1662710403381,
		"isBuyerMaker": false,
		"isBestMatch": true
	},
	{
		"id": 293,
		"price": "0.03545000",
		"qty": "2376.00000000",
		"quoteQty": "84.22920000",
		"time": 1662710403381,
		"isBuyerMaker": false,
		"isBestMatch": true
	},
	{
		"id": 294,
		"price": "0.03588000",
		"qty": "3141.00000000",
		"quoteQty": "112.69908000",
		"time": 1662710403381,
		"isBuyerMaker": false,
		"isBestMatch": true
	},
	{
		"id": 295,
		"price": "0.03584000",
		"qty": "2351.00000000",
		"quoteQty": "84.25984000",
		"time": 1662710403410,
		"isBuyerMaker": false,
		"isBestMatch": true
	},
	{
		"id": 296,
		"price": "0.03535000",
		"qty": "565.00000000",
		"quoteQty": "19.97275000",
		"time": 1662710403421,
		"isBuyerMaker": false,
		"isBestMatch": true
	},
	{
		"id": 297,
		"price": "0.03495000",
		"qty": "980.00000000",
		"quoteQty": "34.25100000",
		"time": 1662710403487,
		"isBuyerMaker": false,
		"isBestMatch": true
	},
	{
		"id": 298,
		"price": "0.03495000",
		"qty": "980.00000000",
		"quoteQty": "34.25100000",
		"time": 1662710403487,
		"isBuyerMaker": false,
		"isBestMatch": true
	},
	{
		"id": 299,
		"price": "0.03495000",
		"qty": "980.00000000",
		"quoteQty": "34.25100000",
		"time": 1662710403487,
		"isBuyerMaker": false,
		"isBestMatch": true
	},
	{
		"id": 300,
		"price": "0.03495000",
		"qty": "980.00000000",
		"quoteQty": "34.25100000",
		"time": 1662710403487,
		"isBuyerMaker": false,
		"isBestMatch": true
	},
	{
		"id": 301,
		"price": "0.03495000",
		"qty": "980.00000000",
		"quoteQty": "34.25100000",
		"time": 1662710403487,
		"isBuyerMaker": false,
		"isBestMatch": true
	},
	{
		"id": 302,
		"price": "0.03495000",
		"qty": "980.00000000",
		"quoteQty": "34.25100000",
		"time": 1662710403487,
		"isBuyerMaker": false,
		"isBestMatch": true
	},
	{
		"id": 303,
		"price": "0.03495000",
		"qty": "980.00000000",
		"quoteQty": "34.25100000",
		"time": 1662710403487,
		"isBuyerMaker": false,
		"isBestMatch": true
	},
	{
		"id": 304,
		"price": "0.03495000",
		"qty": "980.00000000",
		"quoteQty": "34.25100000",
		"time": 1662710403487,
		"isBuyerMaker": false,
		"isBestMatch": true
	},
	{
		"id": 305,
		"price": "0.03495000",
		"qty": "980.00000000",
		"quoteQty": "34.25100000",
		"time": 1662710403487,
		"isBuyerMaker": false,
		"isBestMatch": true
	},
	{
		"id": 306,
		"price": "0.03495000",
		"qty": "979.00000000",
		"quoteQty": "34.21605000",
		"time": 1662710403487,
		"isBuyerMaker": false,
		"isBestMatch": true
	},
	{
		"id": 307,
		"price": "0.03535000",
		"qty": "384.00000000",
		"quoteQty": "13.57440000",
		"time": 1662710403487,
		"isBuyerMaker": false,
		"isBestMatch": true
	},
	{
		"id": 308,
		"price": "0.03535000",
		"qty": "949.00000000",
		"quoteQty": "33.54715000",
		"time": 1662710403487,
		"isBuyerMaker": false,
		"isBestMatch": true
	},
	{
		"id": 309,
		"price": "0.03535000",
		"qty": "949.00000000",
		"quoteQty": "33.54715000",
		"time": 1662710403487,
		"isBuyerMaker": false,
		"isBestMatch": true
	},
	{
		"id": 310,
		"price": "0.03535000",
		"qty": "949.00000000",
		"quoteQty": "33.54715000",
		"time": 1662710403487,
		"isBuyerMaker": false,
		"isBestMatch": true
	},
	{
		"id": 311,
		"price": "0.03535000",
		"qty": "949.00000000",
		"quoteQty": "33.54715000",
		"time": 1662710403487,
		"isBuyerMaker": false,
		"isBestMatch": true
	},
	{
		"id": 312,
		"price": "0.03535000",
		"qty": "949.00000000",
		"quoteQty": "33.54715000",
		"time": 1662710403487,
		"isBuyerMaker": false,
		"isBestMatch": true
	},
	{
		"id": 313,
		"price": "0.03535000",
		"qty": "949.00000000",
		"quoteQty": "33.54715000",
		"time": 1662710403487,
		"isBuyerMaker": false,
		"isBestMatch": true
	},
	{
		"id": 314,
		"price": "0.03535000",
		"qty": "949.00000000",
		"quoteQty": "33.54715000",
		"time": 1662710403487,
		"isBuyerMaker": false,
		"isBestMatch": true
	},
	{
		"id": 315,
		"price": "0.03535000",
		"qty": "949.00000000",
		"quoteQty": "33.54715000",
		"time": 1662710403487,
		"isBuyerMaker": false,
		"isBestMatch": true
	},
	{
		"id": 316,
		"price": "0.03535000",
		"qty": "940.00000000",
		"quoteQty": "33.22900000",
		"time": 1662710403487,
		"isBuyerMaker": false,
		"isBestMatch": true
	},
	{
		"id": 317,
		"price": "0.03565000",
		"qty": "1274.00000000",
		"quoteQty": "45.41810000",
		"time": 1662710403487,
		"isBuyerMaker": false,
		"isBestMatch": true
	},
	{
		"id": 318,
		"price": "0.03565000",
		"qty": "184.00000000",
		"quoteQty": "6.55960000",
		"time": 1662710403487,
		"isBuyerMaker": false,
		"isBestMatch": true
	},
	{
		"id": 319,
		"price": "0.03565000",
		"qty": "1090.00000000",
		"quoteQty": "38.85850000",
		"time": 1662710403519,
		"isBuyerMaker": false,
		"isBestMatch": true
	},
	{
		"id": 320,
		"price": "0.03565000",
		"qty": "1274.00000000",
		"quoteQty": "45.41810000",
		"time": 1662710403519,
		"isBuyerMaker": false,
		"isBestMatch": true
	},
	{
		"id": 321,
		"price": "0.03565000",
		"qty": "1274.00000000",
		"quoteQty": "45.41810000",
		"time": 1662710403519,
		"isBuyerMaker": false,
		"isBestMatch": true
	},
	{
		"id": 322,
		"price": "0.03565000",
		"qty": "1274.00000000",
		"quoteQty": "45.41810000",
		"time": 1662710403519,
		"isBuyerMaker": false,
		"isBestMatch": true
	},
	{
		"id": 323,
		"price": "0.03565000",
		"qty": "1274.00000000",
		"quoteQty": "45.41810000",
		"time": 1662710403519,
		"isBuyerMaker": false,
		"isBestMatch": true
	},
	{
		"id": 324,
		"price": "0.03565000",
		"qty": "1274.00000000",
		"quoteQty": "45.41810000",
		"time": 1662710403519,
		"isBuyerMaker": false,
		"isBestMatch": true
	},
	{
		"id": 325,
		"price": "0.03565000",
		"qty": "1274.00000000",
		"quoteQty": "45.41810000",
		"time": 1662710403519,
		"isBuyerMaker": false,
		"isBestMatch": true
	},
	{
		"id": 326,
		"price": "0.03565000",
		"qty": "1274.00000000",
		"quoteQty": "45.41810000",
		"time": 1662710403519,
		"isBuyerMaker": false,
		"isBestMatch": true
	},
	{
		"id": 327,
		"price": "0.03565000",
		"qty": "1266.00000000",
		"quoteQty": "45.13290000",
		"time": 1662710403519,
		"isBuyerMaker": false,
		"isBestMatch": true
	},
	{
		"id": 328,
		"price": "0.03584000",
		"qty": "1126.00000000",
		"quoteQty": "40.35584000",
		"time": 1662710403519,
		"isBuyerMaker": false,
		"isBestMatch": true
	},
	{
		"id": 329,
		"price": "0.03584000",
		"qty": "3477.00000000",
		"quoteQty": "124.61568000",
		"time": 1662710403519,
		"isBuyerMaker": false,
		"isBestMatch": true
	},
	{
		"id": 330,
		"price": "0.03584000",
		"qty": "3477.00000000",
		"quoteQty": "124.61568000",
		"time": 1662710403519,
		"isBuyerMaker": false,
		"isBestMatch": true
	},
	{
		"id": 331,
		"price": "0.03584000",
		"qty": "3477.00000000",
		"quoteQty": "124.61568000",
		"time": 1662710403519,
		"isBuyerMaker": false,
		"isBestMatch": true
	},
	{
		"id": 332,
		"price": "0.03584000",
		"qty": "3477.00000000",
		"quoteQty": "124.61568000",
		"time": 1662710403519,
		"isBuyerMaker": false,
		"isBestMatch": true
	},
	{
		"id": 333,
		"price": "0.03584000",
		"qty": "3477.00000000",
		"quoteQty": "124.61568000",
		"time": 1662710403519,
		"isBuyerMaker": false,
		"isBestMatch": true
	},
	{
		"id": 334,
		"price": "0.03584000",
		"qty": "3477.00000000",
		"quoteQty": "124.61568000",
		"time": 1662710403519,
		"isBuyerMaker": false,
		"isBestMatch": true
	},
	{
		"id": 335,
		"price": "0.03584000",
		"qty": "3477.00000000",
		"quoteQty": "124.61568000",
		"time": 1662710403519,
		"isBuyerMaker": false,
		"isBestMatch": true
	},
	{
		"id": 336,
		"price": "0.03584000",
		"qty": "3477.00000000",
		"quoteQty": "124.61568000",
		"time": 1662710403519,
		"isBuyerMaker": false,
		"isBestMatch": true
	},
	{
		"id": 337,
		"price": "0.03584000",
		"qty": "3469.00000000",
		"quoteQty": "124.32896000",
		"time": 1662710403519,
		"isBuyerMaker": false,
		"isBestMatch": true
	},
	{
		"id": 338,
		"price": "0.03588000",
		"qty": "6238.00000000",
		"quoteQty": "223.81944000",
		"time": 1662710403519,
		"isBuyerMaker": false,
		"isBestMatch": true
	},
	{
		"id": 339,
		"price": "0.03600000",
		"qty": "2398.00000000",
		"quoteQty": "86.32800000",
		"time": 1662710403519,
		"isBuyerMaker": false,
		"isBestMatch": true
	},
	{
		"id": 340,
		"price": "0.03600000",
		"qty": "2398.00000000",
		"quoteQty": "86.32800000",
		"time": 1662710403519,
		"isBuyerMaker": false,
		"isBestMatch": true
	},
	{
		"id": 341,
		"price": "0.03600000",
		"qty": "2398.00000000",
		"quoteQty": "86.32800000",
		"time": 1662710403519,
		"isBuyerMaker": false,
		"isBestMatch": true
	},
	{
		"id": 342,
		"price": "0.03600000",
		"qty": "1577.00000000",
		"quoteQty": "56.77200000",
		"time": 1662710403519,
		"isBuyerMaker": false,
		"isBestMatch": true
	},
	{
		"id": 343,
		"price": "0.03600000",
		"qty": "435.00000000",
		"quoteQty": "15.66000000",
		"time": 1662710403522,
		"isBuyerMaker": false,
		"isBestMatch": true
	},
	{
		"id": 344,
		"price": "0.03600000",
		"qty": "386.00000000",
		"quoteQty": "13.89600000",
		"time": 1662710403538,
		"isBuyerMaker": false,
		"isBestMatch": true
	},
	{
		"id": 345,
		"price": "0.03600000",
		"qty": "2263.00000000",
		"quoteQty": "81.46800000",
		"time": 1662710403538,
		"isBuyerMaker": false,
		"isBestMatch": true
	},
	{
		"id": 346,
		"price": "0.03600000",
		"qty": "135.00000000",
		"quoteQty": "4.86000000",
		"time": 1662710403601,
		"isBuyerMaker": false,
		"isBestMatch": true
	},
	{
		"id": 347,
		"price": "0.03600000",
		"qty": "1000.00000000",
		"quoteQty": "36.00000000",
		"time": 1662710403601,
		"isBuyerMaker": false,
		"isBestMatch": true
	},
	{
		"id": 348,
		"price": "0.03562000",
		"qty": "6456.00000000",
		"quoteQty": "229.96272000",
		"time": 1662710403603,
		"isBuyerMaker": true,
		"isBestMatch": true
	},
	{
		"id": 349,
		"price": "0.03600000",
		"qty": "1250.00000000",
		"quoteQty": "45.00000000",
		"time": 1662710403647,
		"isBuyerMaker": false,
		"isBestMatch": true
	},
	{
		"id": 350,
		"price": "0.03600000",
		"qty": "148.00000000",
		"quoteQty": "5.32800000",
		"time": 1662710403686,
		"isBuyerMaker": false,
		"isBestMatch": true
	},
	{
		"id": 351,
		"price": "0.03600000",
		"qty": "2398.00000000",
		"quoteQty": "86.32800000",
		"time": 1662710403686,
		"isBuyerMaker": false,
		"isBestMatch": true
	},
	{
		"id": 352,
		"price": "0.03600000",
		"qty": "2398.00000000",
		"quoteQty": "86.32800000",
		"time": 1662710403686,
		"isBuyerMaker": false,
		"isBestMatch": true
	},
	{
		"id": 353,
		"price": "0.03600000",
		"qty": "2398.00000000",
		"quoteQty": "86.32800000",
		"time": 1662710403686,
		"isBuyerMaker": false,
		"isBestMatch": true
	},
	{
		"id": 354,
		"price": "0.03600000",
		"qty": "2393.00000000",
		"quoteQty": "86.14800000",
		"time": 1662710403686,
		"isBuyerMaker": false,
		"isBestMatch": true
	},
	{
		"id": 355,
		"price": "0.03618000",
		"qty": "5983.00000000",
		"quoteQty": "216.46494000",
		"time": 1662710403686,
		"isBuyerMaker": false,
		"isBestMatch": true
	},
	{
		"id": 356,
		"price": "0.03564000",
		"qty": "6834.00000000",
		"quoteQty": "243.56376000",
		"time": 1662710403731,
		"isBuyerMaker": true,
		"isBestMatch": true
	},
	{
		"id": 357,
		"price": "0.03563000",
		"qty": "7682.00000000",
		"quoteQty": "273.70966000",
		"time": 1662710403731,
		"isBuyerMaker": true,
		"isBestMatch": true
	},
	{
		"id": 358,
		"price": "0.03562000",
		"qty": "1068.00000000",
		"quoteQty": "38.04216000",
		"time": 1662710403731,
		"isBuyerMaker": true,
		"isBestMatch": true
	},
	{
		"id": 359,
		"price": "0.03560000",
		"qty": "342.00000000",
		"quoteQty": "12.17520000",
		"time": 1662710403731,
		"isBuyerMaker": true,
		"isBestMatch": true
	},
	{
		"id": 360,
		"price": "0.03560000",
		"qty": "3227.00000000",
		"quoteQty": "114.88120000",
		"time": 1662710403731,
		"isBuyerMaker": true,
		"isBestMatch": true
	},
	{
		"id": 361,
		"price": "0.03617000",
		"qty": "290.00000000",
		"quoteQty": "10.48930000",
		"time": 1662710403757,
		"isBuyerMaker": false,
		"isBestMatch": true
	},
	{
		"id": 362,
		"price": "0.03565000",
		"qty": "7548.00000000",
		"quoteQty": "269.08620000",
		"time": 1662710403764,
		"isBuyerMaker": true,
		"isBestMatch": true
	},
	{
		"id": 363,
		"price": "0.03560000",
		"qty": "9424.00000000",
		"quoteQty": "335.49440000",
		"time": 1662710403764,
		"isBuyerMaker": true,
		"isBestMatch": true
	},
	{
		"id": 364,
		"price": "0.03597000",
		"qty": "1091.00000000",
		"quoteQty": "39.24327000",
		"time": 1662710403885,
		"isBuyerMaker": false,
		"isBestMatch": true
	},
	{
		"id": 365,
		"price": "0.03595000",
		"qty": "3381.00000000",
		"quoteQty": "121.54695000",
		"time": 1662710403926,
		"isBuyerMaker": false,
		"isBestMatch": true
	},
	{
		"id": 366,
		"price": "0.03595000",
		"qty": "3453.00000000",
		"quoteQty": "124.13535000",
		"time": 1662710403942,
		"isBuyerMaker": false,
		"isBestMatch": true
	},
	{
		"id": 367,
		"price": "0.03596000",
		"qty": "4621.00000000",
		"quoteQty": "166.17116000",
		"time": 1662710403942,
		"isBuyerMaker": false,
		"isBestMatch": true
	},
	{
		"id": 368,
		"price": "0.03596000",
		"qty": "298.00000000",
		"quoteQty": "10.71608000",
		"time": 1662710403959,
		"isBuyerMaker": false,
		"isBestMatch": true
	},
	{
		"id": 369,
		"price": "0.03561000",
		"qty": "7338.00000000",
		"quoteQty": "261.30618000",
		"time": 1662710403993,
		"isBuyerMaker": true,
		"isBestMatch": true
	},
	{
		"id": 370,
		"price": "0.03560000",
		"qty": "5998.00000000",
		"quoteQty": "213.52880000",
		"time": 1662710403993,
		"isBuyerMaker": true,
		"isBestMatch": true
	},
	{
		"id": 371,
		"price": "0.03422000",
		"qty": "5869.00000000",
		"quoteQty": "200.83718000",
		"time": 1662710403993,
		"isBuyerMaker": true,
		"isBestMatch": true
	},
	{
		"id": 372,
		"price": "0.03422000",
		"qty": "1654.00000000",
		"quoteQty": "56.59988000",
		"time": 1662710403993,
		"isBuyerMaker": true,
		"isBestMatch": true
	},
	{
		"id": 373,
		"price": "0.03422000",
		"qty": "1785.00000000",
		"quoteQty": "61.08270000",
		"time": 1662710403993,
		"isBuyerMaker": true,
		"isBestMatch": true
	},
	{
		"id": 374,
		"price": "0.03421000",
		"qty": "7085.00000000",
		"quoteQty": "242.37785000",
		"time": 1662710403993,
		"isBuyerMaker": true,
		"isBestMatch": true
	},
	{
		"id": 375,
		"price": "0.03422000",
		"qty": "6899.00000000",
		"quoteQty": "236.08378000",
		"time": 1662710404005,
		"isBuyerMaker": true,
		"isBestMatch": true
	},
	{
		"id": 376,
		"price": "0.03421000",
		"qty": "1684.00000000",
		"quoteQty": "57.60964000",
		"time": 1662710404005,
		"isBuyerMaker": true,
		"isBestMatch": true
	},
	{
		"id": 377,
		"price": "0.03421000",
		"qty": "695.00000000",
		"quoteQty": "23.77595000",
		"time": 1662710404005,
		"isBuyerMaker": true,
		"isBestMatch": true
	},
	{
		"id": 378,
		"price": "0.03420000",
		"qty": "14594.00000000",
		"quoteQty": "499.11480000",
		"time": 1662710404005,
		"isBuyerMaker": true,
		"isBestMatch": true
	},
	{
		"id": 379,
		"price": "0.03420000",
		"qty": "58377.00000000",
		"quoteQty": "1996.49340000",
		"time": 1662710404005,
		"isBuyerMaker": true,
		"isBestMatch": true
	},
	{
		"id": 380,
		"price": "0.03402000",
		"qty": "35211.00000000",
		"quoteQty": "1197.87822000",
		"time": 1662710404005,
		"isBuyerMaker": true,
		"isBestMatch": true
	},
	{
		"id": 381,
		"price": "0.03384000",
		"qty": "58335.00000000",
		"quoteQty": "1974.05640000",
		"time": 1662710404005,
		"isBuyerMaker": true,
		"isBestMatch": true
	},
	{
		"id": 382,
		"price": "0.03537000",
		"qty": "3261.00000000",
		"quoteQty": "115.34157000",
		"time": 1662710404059,
		"isBuyerMaker": false,
		"isBestMatch": true
	},
	{
		"id": 383,
		"price": "0.03537000",
		"qty": "7234.00000000",
		"quoteQty": "255.86658000",
		"time": 1662710404059,
		"isBuyerMaker": false,
		"isBestMatch": true
	},
	{
		"id": 384,
		"price": "0.03538000",
		"qty": "3522.00000000",
		"quoteQty": "124.60836000",
		"time": 1662710404059,
		"isBuyerMaker": false,
		"isBestMatch": true
	},
	{
		"id": 385,
		"price": "0.03538000",
		"qty": "3522.00000000",
		"quoteQty": "124.60836000",
		"time": 1662710404059,
		"isBuyerMaker": false,
		"isBestMatch": true
	},
	{
		"id": 386,
		"price": "0.03538000",
		"qty": "3522.00000000",
		"quoteQty": "124.60836000",
		"time": 1662710404059,
		"isBuyerMaker": false,
		"isBestMatch": true
	},
	{
		"id": 387,
		"price": "0.03538000",
		"qty": "3317.00000000",
		"quoteQty": "117.35546000",
		"time": 1662710404059,
		"isBuyerMaker": false,
		"isBestMatch": true
	},
	{
		"id": 388,
		"price": "0.03536000",
		"qty": "14237.00000000",
		"quoteQty": "503.42032000",
		"time": 1662710404080,
		"isBuyerMaker": false,
		"isBestMatch": true
	},
	{
		"id": 389,
		"price": "0.03537000",
		"qty": "6591.00000000",
		"quoteQty": "233.12367000",
		"time": 1662710404080,
		"isBuyerMaker": false,
		"isBestMatch": true
	},
	{
		"id": 390,
		"price": "0.03538000",
		"qty": "205.00000000",
		"quoteQty": "7.25290000",
		"time": 1662710404080,
		"isBuyerMaker": false,
		"isBestMatch": true
	},
	{
		"id": 391,
		"price": "0.03538000",
		"qty": "920.00000000",
		"quoteQty": "32.54960000",
		"time": 1662710404080,
		"isBuyerMaker": false,
		"isBestMatch": true
	},
	{
		"id": 392,
		"price": "0.03488000",
		"qty": "8539.00000000",
		"quoteQty": "297.84032000",
		"time": 1662710404113,
		"isBuyerMaker": false,
		"isBestMatch": true
	},
	{
		"id": 393,
		"price": "0.03488000",
		"qty": "318.00000000",
		"quoteQty": "11.09184000",
		"time": 1662710404136,
		"isBuyerMaker": false,
		"isBestMatch": true
	},
	{
		"id": 394,
		"price": "0.03488000",
		"qty": "8395.00000000",
		"quoteQty": "292.81760000",
		"time": 1662710404160,
		"isBuyerMaker": false,
		"isBestMatch": true
	},
	{
		"id": 395,
		"price": "0.03488000",
		"qty": "3621.00000000",
		"quoteQty": "126.30048000",
		"time": 1662710404167,
		"isBuyerMaker": false,
		"isBestMatch": true
	},
	{
		"id": 396,
		"price": "0.03418000",
		"qty": "23896.00000000",
		"quoteQty": "816.76528000",
		"time": 1662710404226,
		"isBuyerMaker": false,
		"isBestMatch": true
	},
	{
		"id": 397,
		"price": "0.03417000",
		"qty": "282.00000000",
		"quoteQty": "9.63594000",
		"time": 1662710404253,
		"isBuyerMaker": false,
		"isBestMatch": true
	},
	{
		"id": 398,
		"price": "0.03417000",
		"qty": "6855.00000000",
		"quoteQty": "234.23535000",
		"time": 1662710404272,
		"isBuyerMaker": false,
		"isBestMatch": true
	},
	{
		"id": 399,
		"price": "0.03417000",
		"qty": "1632.00000000",
		"quoteQty": "55.76544000",
		"time": 1662710404275,
		"isBuyerMaker": false,
		"isBestMatch": true
	},
	{
		"id": 400,
		"price": "0.03418000",
		"qty": "709.00000000",
		"quoteQty": "24.23362000",
		"time": 1662710404275,
		"isBuyerMaker": false,
		"isBestMatch": true
	},
	{
		"id": 401,
		"price": "0.03405000",
		"qty": "7983.00000000",
		"quoteQty": "271.82115000",
		"time": 1662710404294,
		"isBuyerMaker": true,
		"isBestMatch": true
	},
	{
		"id": 402,
		"price": "0.03404000",
		"qty": "6888.00000000",
		"quoteQty": "234.46752000",
		"time": 1662710404294,
		"isBuyerMaker": true,
		"isBestMatch": true
	},
	{
		"id": 403,
		"price": "0.03404000",
		"qty": "2952.00000000",
		"quoteQty": "100.48608000",
		"time": 1662710404294,
		"isBuyerMaker": true,
		"isBestMatch": true
	},
	{
		"id": 404,
		"price": "0.03418000",
		"qty": "507.00000000",
		"quoteQty": "17.32926000",
		"time": 1662710404301,
		"isBuyerMaker": false,
		"isBestMatch": true
	},
	{
		"id": 405,
		"price": "0.03417000",
		"qty": "292.00000000",
		"quoteQty": "9.97764000",
		"time": 1662710404313,
		"isBuyerMaker": false,
		"isBestMatch": true
	},
	{
		"id": 406,
		"price": "0.03417000",
		"qty": "4877.00000000",
		"quoteQty": "166.64709000",
		"time": 1662710404328,
		"isBuyerMaker": false,
		"isBestMatch": true
	},
	{
		"id": 407,
		"price": "0.03404000",
		"qty": "4267.00000000",
		"quoteQty": "145.24868000",
		"time": 1662710404470,
		"isBuyerMaker": true,
		"isBestMatch": true
	},
	{
		"id": 408,
		"price": "0.03403000",
		"qty": "10753.00000000",
		"quoteQty": "365.92459000",
		"time": 1662710404470,
		"isBuyerMaker": true,
		"isBestMatch": true
	},
	{
		"id": 409,
		"price": "0.03416000",
		"qty": "7219.00000000",
		"quoteQty": "246.60104000",
		"time": 1662710404548,
		"isBuyerMaker": false,
		"isBestMatch": true
	},
	{
		"id": 410,
		"price": "0.03417000",
		"qty": "638.00000000",
		"quoteQty": "21.80046000",
		"time": 1662710404548,
		"isBuyerMaker": false,
		"isBestMatch": true
	},
	{
		"id": 411,
		"price": "0.03417000",
		"qty": "1081.00000000",
		"quoteQty": "36.93777000",
		"time": 1662710404580,
		"isBuyerMaker": false,
		"isBestMatch": true
	},
	{
		"id": 412,
		"price": "0.03417000",
		"qty": "8092.00000000",
		"quoteQty": "276.50364000",
		"time": 1662710404580,
		"isBuyerMaker": false,
		"isBestMatch": true
	},
	{
		"id": 413,
		"price": "0.03417000",
		"qty": "7983.00000000",
		"quoteQty": "272.77911000",
		"time": 1662710404580,
		"isBuyerMaker": false,
		"isBestMatch": true
	},
	{
		"id": 414,
		"price": "0.03418000",
		"qty": "26071.00000000",
		"quoteQty": "891.10678000",
		"time": 1662710404580,
		"isBuyerMaker": false,
		"isBestMatch": true
	},
	{
		"id": 415,
		"price": "0.03418000",
		"qty": "1065.00000000",
		"quoteQty": "36.40170000",
		"time": 1662710404586,
		"isBuyerMaker": false,
		"isBestMatch": true
	},
	{
		"id": 416,
		"price": "0.03404000",
		"qty": "7579.00000000",
		"quoteQty": "257.98916000",
		"time": 1662710404597,
		"isBuyerMaker": true,
		"isBestMatch": true
	},
	{
		"id": 417,
		"price": "0.03366000",
		"qty": "1752.00000000",
		"quoteQty": "58.97232000",
		"time": 1662710404597,
		"isBuyerMaker": true,
		"isBestMatch": true
	},
	{
		"id": 418,
		"price": "0.03418000",
		"qty": "6087.00000000",
		"quoteQty": "208.05366000",
		"time": 1662710404598,
		"isBuyerMaker": false,
		"isBestMatch": true
	},
	{
		"id": 419,
		"price": "0.03487000",
		"qty": "149.00000000",
		"quoteQty": "5.19563000",
		"time": 1662710404598,
		"isBuyerMaker": false,
		"isBestMatch": true
	},
	{
		"id": 420,
		"price": "0.03487000",
		"qty": "1505.00000000",
		"quoteQty": "52.47935000",
		"time": 1662710404600,
		"isBuyerMaker": false,
		"isBestMatch": true
	},
	{
		"id": 421,
		"price": "0.03487000",
		"qty": "1785.00000000",
		"quoteQty": "62.24295000",
		"time": 1662710404600,
		"isBuyerMaker": false,
		"isBestMatch": true
	},
	{
		"id": 422,
		"price": "0.03487000",
		"qty": "5869.00000000",
		"quoteQty": "204.65203000",
		"time": 1662710404600,
		"isBuyerMaker": false,
		"isBestMatch": true
	},
	{
		"id": 423,
		"price": "0.03488000",
		"qty": "2373.00000000",
		"quoteQty": "82.77024000",
		"time": 1662710404600,
		"isBuyerMaker": false,
		"isBestMatch": true
	},
	{
		"id": 424,
		"price": "0.03488000",
		"qty": "20241.00000000",
		"quoteQty": "706.00608000",
		"time": 1662710404603,
		"isBuyerMaker": false,
		"isBestMatch": true
	},
	{
		"id": 425,
		"price": "0.03488000",
		"qty": "2027.00000000",
		"quoteQty": "70.70176000",
		"time": 1662710404612,
		"isBuyerMaker": false,
		"isBestMatch": true
	},
	{
		"id": 426,
		"price": "0.03485000",
		"qty": "572.00000000",
		"quoteQty": "19.93420000",
		"time": 1662710404698,
		"isBuyerMaker": false,
		"isBestMatch": true
	},
	{
		"id": 427,
		"price": "0.03404000",
		"qty": "7522.00000000",
		"quoteQty": "256.04888000",
		"time": 1662710404708,
		"isBuyerMaker": true,
		"isBestMatch": true
	},
	{
		"id": 428,
		"price": "0.03403000",
		"qty": "3256.00000000",
		"quoteQty": "110.80168000",
		"time": 1662710404708,
		"isBuyerMaker": true,
		"isBestMatch": true
	},
	{
		"id": 429,
		"price": "0.03367000",
		"qty": "1710.00000000",
		"quoteQty": "57.57570000",
		"time": 1662710404708,
		"isBuyerMaker": true,
		"isBestMatch": true
	},
	{
		"id": 430,
		"price": "0.03367000",
		"qty": "1845.00000000",
		"quoteQty": "62.12115000",
		"time": 1662710404708,
		"isBuyerMaker": true,
		"isBestMatch": true
	},
	{
		"id": 431,
		"price": "0.03366000",
		"qty": "261.00000000",
		"quoteQty": "8.78526000",
		"time": 1662710404708,
		"isBuyerMaker": true,
		"isBestMatch": true
	},
	{
		"id": 432,
		"price": "0.03366000",
		"qty": "952.00000000",
		"quoteQty": "32.04432000",
		"time": 1662710404733,
		"isBuyerMaker": true,
		"isBestMatch": true
	},
	{
		"id": 433,
		"price": "0.03349000",
		"qty": "5961.00000000",
		"quoteQty": "199.63389000",
		"time": 1662710404733,
		"isBuyerMaker": true,
		"isBestMatch": true
	},
	{
		"id": 434,
		"price": "0.03334000",
		"qty": "5950.00000000",
		"quoteQty": "198.37300000",
		"time": 1662710404733,
		"isBuyerMaker": true,
		"isBestMatch": true
	},
	{
		"id": 435,
		"price": "0.03476000",
		"qty": "2301.00000000",
		"quoteQty": "79.98276000",
		"time": 1662710404739,
		"isBuyerMaker": false,
		"isBestMatch": true
	},
	{
		"id": 436,
		"price": "0.03476000",
		"qty": "955.00000000",
		"quoteQty": "33.19580000",
		"time": 1662710404755,
		"isBuyerMaker": false,
		"isBestMatch": true
	},
	{
		"id": 437,
		"price": "0.03483000",
		"qty": "670.00000000",
		"quoteQty": "23.33610000",
		"time": 1662710404755,
		"isBuyerMaker": false,
		"isBestMatch": true
	},
	{
		"id": 438,
		"price": "0.03406000",
		"qty": "2965.00000000",
		"quoteQty": "100.98790000",
		"time": 1662710404767,
		"isBuyerMaker": true,
		"isBestMatch": true
	},
	{
		"id": 439,
		"price": "0.03406000",
		"qty": "3033.00000000",
		"quoteQty": "103.30398000",
		"time": 1662710404767,
		"isBuyerMaker": true,
		"isBestMatch": true
	},
	{
		"id": 440,
		"price": "0.03381000",
		"qty": "483.00000000",
		"quoteQty": "16.33023000",
		"time": 1662710404788,
		"isBuyerMaker": false,
		"isBestMatch": true
	},
	{
		"id": 441,
		"price": "0.03380000",
		"qty": "7579.00000000",
		"quoteQty": "256.17020000",
		"time": 1662710404805,
		"isBuyerMaker": false,
		"isBestMatch": true
	},
	{
		"id": 442,
		"price": "0.03381000",
		"qty": "2445.00000000",
		"quoteQty": "82.66545000",
		"time": 1662710404805,
		"isBuyerMaker": false,
		"isBestMatch": true
	},
	{
		"id": 443,
		"price": "0.03482000",
		"qty": "5998.00000000",
		"quoteQty": "208.85036000",
		"time": 1662710404875,
		"isBuyerMaker": false,
		"isBestMatch": true
	},
	{
		"id": 444,
		"price": "0.03482000",
		"qty": "7522.00000000",
		"quoteQty": "261.91604000",
		"time": 1662710404875,
		"isBuyerMaker": false,
		"isBestMatch": true
	},
	{
		"id": 445,
		"price": "0.03483000",
		"qty": "1040.00000000",
		"quoteQty": "36.22320000",
		"time": 1662710404875,
		"isBuyerMaker": false,
		"isBestMatch": true
	},
	{
		"id": 446,
		"price": "0.03483000",
		"qty": "1845.00000000",
		"quoteQty": "64.26135000",
		"time": 1662710404875,
		"isBuyerMaker": false,
		"isBestMatch": true
	},
	{
		"id": 447,
		"price": "0.03485000",
		"qty": "1449.00000000",
		"quoteQty": "50.49765000",
		"time": 1662710404875,
		"isBuyerMaker": false,
		"isBestMatch": true
	},
	{
		"id": 448,
		"price": "0.03485000",
		"qty": "2021.00000000",
		"quoteQty": "70.43185000",
		"time": 1662710404875,
		"isBuyerMaker": false,
		"isBestMatch": true
	},
	{
		"id": 449,
		"price": "0.03485000",
		"qty": "2021.00000000",
		"quoteQty": "70.43185000",
		"time": 1662710404875,
		"isBuyerMaker": false,
		"isBestMatch": true
	},
	{
		"id": 450,
		"price": "0.03485000",
		"qty": "2021.00000000",
		"quoteQty": "70.43185000",
		"time": 1662710404875,
		"isBuyerMaker": false,
		"isBestMatch": true
	},
	{
		"id": 451,
		"price": "0.03485000",
		"qty": "2021.00000000",
		"quoteQty": "70.43185000",
		"time": 1662710404875,
		"isBuyerMaker": false,
		"isBestMatch": true
	},
	{
		"id": 452,
		"price": "0.03485000",
		"qty": "2021.00000000",
		"quoteQty": "70.43185000",
		"time": 1662710404875,
		"isBuyerMaker": false,
		"isBestMatch": true
	},
	{
		"id": 453,
		"price": "0.03485000",
		"qty": "2021.00000000",
		"quoteQty": "70.43185000",
		"time": 1662710404875,
		"isBuyerMaker": false,
		"isBestMatch": true
	},
	{
		"id": 454,
		"price": "0.03485000",
		"qty": "2021.00000000",
		"quoteQty": "70.43185000",
		"time": 1662710404875,
		"isBuyerMaker": false,
		"isBestMatch": true
	},
	{
		"id": 455,
		"price": "0.03485000",
		"qty": "2021.00000000",
		"quoteQty": "70.43185000",
		"time": 1662710404875,
		"isBuyerMaker": false,
		"isBestMatch": true
	},
	{
		"id": 456,
		"price": "0.03485000",
		"qty": "2014.00000000",
		"quoteQty": "70.18790000",
		"time": 1662710404875,
		"isBuyerMaker": false,
		"isBestMatch": true
	},
	{
		"id": 457,
		"price": "0.03539000",
		"qty": "1076.00000000",
		"quoteQty": "38.07964000",
		"time": 1662710404875,
		"isBuyerMaker": false,
		"isBestMatch": true
	},
	{
		"id": 458,
		"price": "0.03539000",
		"qty": "1076.00000000",
		"quoteQty": "38.07964000",
		"time": 1662710404875,
		"isBuyerMaker": false,
		"isBestMatch": true
	},
	{
		"id": 459,
		"price": "0.03539000",
		"qty": "1076.00000000",
		"quoteQty": "38.07964000",
		"time": 1662710404875,
		"isBuyerMaker": false,
		"isBestMatch": true
	},
	{
		"id": 460,
		"price": "0.03539000",
		"qty": "1076.00000000",
		"quoteQty": "38.07964000",
		"time": 1662710404875,
		"isBuyerMaker": false,
		"isBestMatch": true
	},
	{
		"id": 461,
		"price": "0.03539000",
		"qty": "1076.00000000",
		"quoteQty": "38.07964000",
		"time": 1662710404875,
		"isBuyerMaker": false,
		"isBestMatch": true
	},
	{
		"id": 462,
		"price": "0.03539000",
		"qty": "1076.00000000",
		"quoteQty": "38.07964000",
		"time": 1662710404875,
		"isBuyerMaker": false,
		"isBestMatch": true
	},
	{
		"id": 463,
		"price": "0.03539000",
		"qty": "1076.00000000",
		"quoteQty": "38.07964000",
		"time": 1662710404875,
		"isBuyerMaker": false,
		"isBestMatch": true
	},
	{
		"id": 464,
		"price": "0.03539000",
		"qty": "1076.00000000",
		"quoteQty": "38.07964000",
		"time": 1662710404875,
		"isBuyerMaker": false,
		"isBestMatch": true
	},
	{
		"id": 465,
		"price": "0.03539000",
		"qty": "1076.00000000",
		"quoteQty": "38.07964000",
		"time": 1662710404875,
		"isBuyerMaker": false,
		"isBestMatch": true
	},
	{
		"id": 466,
		"price": "0.03539000",
		"qty": "1069.00000000",
		"quoteQty": "37.83191000",
		"time": 1662710404875,
		"isBuyerMaker": false,
		"isBestMatch": true
	},
	{
		"id": 467,
		"price": "0.03562000",
		"qty": "1003.00000000",
		"quoteQty": "35.72686000",
		"time": 1662710404875,
		"isBuyerMaker": false,
		"isBestMatch": true
	},
	{
		"id": 468,
		"price": "0.03562000",
		"qty": "1003.00000000",
		"quoteQty": "35.72686000",
		"time": 1662710404875,
		"isBuyerMaker": false,
		"isBestMatch": true
	},
	{
		"id": 469,
		"price": "0.03562000",
		"qty": "1003.00000000",
		"quoteQty": "35.72686000",
		"time": 1662710404875,
		"isBuyerMaker": false,
		"isBestMatch": true
	},
	{
		"id": 470,
		"price": "0.03562000",
		"qty": "1003.00000000",
		"quoteQty": "35.72686000",
		"time": 1662710404875,
		"isBuyerMaker": false,
		"isBestMatch": true
	},
	{
		"id": 471,
		"price": "0.03562000",
		"qty": "371.00000000",
		"quoteQty": "13.21502000",
		"time": 1662710404875,
		"isBuyerMaker": false,
		"isBestMatch": true
	},
	{
		"id": 472,
		"price": "0.03562000",
		"qty": "632.00000000",
		"quoteQty": "22.51184000",
		"time": 1662710404899,
		"isBuyerMaker": false,
		"isBestMatch": true
	},
	{
		"id": 473,
		"price": "0.03562000",
		"qty": "1003.00000000",
		"quoteQty": "35.72686000",
		"time": 1662710404899,
		"isBuyerMaker": false,
		"isBestMatch": true
	},
	{
		"id": 474,
		"price": "0.03562000",
		"qty": "987.00000000",
		"quoteQty": "35.15694000",
		"time": 1662710404899,
		"isBuyerMaker": false,
		"isBestMatch": true
	},
	{
		"id": 475,
		"price": "0.03562000",
		"qty": "16.00000000",
		"quoteQty": "0.56992000",
		"time": 1662710404946,
		"isBuyerMaker": false,
		"isBestMatch": true
	},
	{
		"id": 476,
		"price": "0.03562000",
		"qty": "267.00000000",
		"quoteQty": "9.51054000",
		"time": 1662710404946,
		"isBuyerMaker": false,
		"isBestMatch": true
	},
	{
		"id": 477,
		"price": "0.03562000",
		"qty": "417.00000000",
		"quoteQty": "14.85354000",
		"time": 1662710404968,
		"isBuyerMaker": false,
		"isBestMatch": true
	},
	{
		"id": 478,
		"price": "0.03456000",
		"qty": "1853.00000000",
		"quoteQty": "64.03968000",
		"time": 1662710404980,
		"isBuyerMaker": true,
		"isBestMatch": true
	},
	{
		"id": 479,
		"price": "0.03455000",
		"qty": "7412.00000000",
		"quoteQty": "256.08460000",
		"time": 1662710404980,
		"isBuyerMaker": true,
		"isBestMatch": true
	},
	{
		"id": 480,
		"price": "0.03455000",
		"qty": "7419.00000000",
		"quoteQty": "256.32645000",
		"time": 1662710404980,
		"isBuyerMaker": true,
		"isBestMatch": true
	},
	{
		"id": 481,
		"price": "0.03454000",
		"qty": "1157.00000000",
		"quoteQty": "39.96278000",
		"time": 1662710404980,
		"isBuyerMaker": true,
		"isBestMatch": true
	},
	{
		"id": 482,
		"price": "0.03561000",
		"qty": "2897.00000000",
		"quoteQty": "103.16217000",
		"time": 1662710405027,
		"isBuyerMaker": false,
		"isBestMatch": true
	},
	{
		"id": 483,
		"price": "0.03499000",
		"qty": "6872.00000000",
		"quoteQty": "240.45128000",
		"time": 1662710405028,
		"isBuyerMaker": true,
		"isBestMatch": true
	},
	{
		"id": 484,
		"price": "0.03498000",
		"qty": "922.00000000",
		"quoteQty": "32.25156000",
		"time": 1662710405028,
		"isBuyerMaker": true,
		"isBestMatch": true
	},
	{
		"id": 485,
		"price": "0.03454000",
		"qty": "10403.00000000",
		"quoteQty": "359.31962000",
		"time": 1662710405028,
		"isBuyerMaker": true,
		"isBestMatch": true
	},
	{
		"id": 486,
		"price": "0.03404000",
		"qty": "1718.00000000",
		"quoteQty": "58.48072000",
		"time": 1662710405035,
		"isBuyerMaker": false,
		"isBestMatch": true
	},
	{
		"id": 487,
		"price": "0.03404000",
		"qty": "455.00000000",
		"quoteQty": "15.48820000",
		"time": 1662710405035,
		"isBuyerMaker": false,
		"isBestMatch": true
	},
	{
		"id": 488,
		"price": "0.03559000",
		"qty": "4515.00000000",
		"quoteQty": "160.68885000",
		"time": 1662710405054,
		"isBuyerMaker": false,
		"isBestMatch": true
	},
	{
		"id": 489,
		"price": "0.03560000",
		"qty": "6872.00000000",
		"quoteQty": "244.64320000",
		"time": 1662710405054,
		"isBuyerMaker": false,
		"isBestMatch": true
	},
	{
		"id": 490,
		"price": "0.03560000",
		"qty": "1853.00000000",
		"quoteQty": "65.96680000",
		"time": 1662710405066,
		"isBuyerMaker": true,
		"isBestMatch": true
	},
	{
		"id": 491,
		"price": "0.03560000",
		"qty": "9209.00000000",
		"quoteQty": "327.84040000",
		"time": 1662710405076,
		"isBuyerMaker": true,
		"isBestMatch": true
	},
	{
		"id": 492,
		"price": "0.03499000",
		"qty": "5500.00000000",
		"quoteQty": "192.44500000",
		"time": 1662710405076,
		"isBuyerMaker": true,
		"isBestMatch": true
	},
	{
		"id": 493,
		"price": "0.03388000",
		"qty": "669.00000000",
		"quoteQty": "22.66572000",
		"time": 1662710405076,
		"isBuyerMaker": true,
		"isBestMatch": true
	},
	{
		"id": 494,
		"price": "0.03388000",
		"qty": "669.00000000",
		"quoteQty": "22.66572000",
		"time": 1662710405076,
		"isBuyerMaker": true,
		"isBestMatch": true
	},
	{
		"id": 495,
		"price": "0.03388000",
		"qty": "669.00000000",
		"quoteQty": "22.66572000",
		"time": 1662710405076,
		"isBuyerMaker": true,
		"isBestMatch": true
	},
	{
		"id": 496,
		"price": "0.03388000",
		"qty": "669.00000000",
		"quoteQty": "22.66572000",
		"time": 1662710405076,
		"isBuyerMaker": true,
		"isBestMatch": true
	},
	{
		"id": 497,
		"price": "0.03388000",
		"qty": "669.00000000",
		"quoteQty": "22.66572000",
		"time": 1662710405076,
		"isBuyerMaker": true,
		"isBestMatch": true
	},
	{
		"id": 498,
		"price": "0.03388000",
		"qty": "669.00000000",
		"quoteQty": "22.66572000",
		"time": 1662710405076,
		"isBuyerMaker": true,
		"isBestMatch": true
	},
	{
		"id": 499,
		"price": "0.03388000",
		"qty": "669.00000000",
		"quoteQty": "22.66572000",
		"time": 1662710405076,
		"isBuyerMaker": true,
		"isBestMatch": true
	},
	{
		"id": 500,
		"price": "0.03388000",
		"qty": "669.00000000",
		"quoteQty": "22.66572000",
		"time": 1662710405076,
		"isBuyerMaker": true,
		"isBestMatch": true
	},
	{
		"id": 501,
		"price": "0.03388000",
		"qty": "669.00000000",
		"quoteQty": "22.66572000",
		"time": 1662710405076,
		"isBuyerMaker": true,
		"isBestMatch": true
	},
	{
		"id": 502,
		"price": "0.03388000",
		"qty": "662.00000000",
		"quoteQty": "22.42856000",
		"time": 1662710405076,
		"isBuyerMaker": true,
		"isBestMatch": true
	},
	{
		"id": 503,
		"price": "0.03381000",
		"qty": "7648.00000000",
		"quoteQty": "258.57888000",
		"time": 1662710405076,
		"isBuyerMaker": true,
		"isBestMatch": true
	},
	{
		"id": 504,
		"price": "0.03381000",
		"qty": "6114.00000000",
		"quoteQty": "206.71434000",
		"time": 1662710405077,
		"isBuyerMaker": true,
		"isBestMatch": true
	},
	{
		"id": 505,
		"price": "0.03374000",
		"qty": "2573.00000000",
		"quoteQty": "86.81302000",
		"time": 1662710405077,
		"isBuyerMaker": true,
		"isBestMatch": true
	},
	{
		"id": 506,
		"price": "0.03558000",
		"qty": "1912.00000000",
		"quoteQty": "68.02896000",
		"time": 1662710405128,
		"isBuyerMaker": false,
		"isBestMatch": true
	},
	{
		"id": 507,
		"price": "0.03557000",
		"qty": "643.00000000",
		"quoteQty": "22.87151000",
		"time": 1662710405138,
		"isBuyerMaker": false,
		"isBestMatch": true
	},
	{
		"id": 508,
		"price": "0.03498000",
		"qty": "4345.00000000",
		"quoteQty": "151.98810000",
		"time": 1662710405142,
		"isBuyerMaker": true,
		"isBestMatch": true
	},
	{
		"id": 509,
		"price": "0.03498000",
		"qty": "429.00000000",
		"quoteQty": "15.00642000",
		"time": 1662710405142,
		"isBuyerMaker": true,
		"isBestMatch": true
	},
	{
		"id": 510,
		"price": "0.03415000",
		"qty": "1377.00000000",
		"quoteQty": "47.02455000",
		"time": 1662710405201,
		"isBuyerMaker": false,
		"isBestMatch": true
	},
	{
		"id": 511,
		"price": "0.03415000",
		"qty": "1377.00000000",
		"quoteQty": "47.02455000",
		"time": 1662710405201,
		"isBuyerMaker": false,
		"isBestMatch": true
	},
	{
		"id": 512,
		"price": "0.03415000",
		"qty": "1377.00000000",
		"quoteQty": "47.02455000",
		"time": 1662710405201,
		"isBuyerMaker": false,
		"isBestMatch": true
	},
	{
		"id": 513,
		"price": "0.03415000",
		"qty": "1377.00000000",
		"quoteQty": "47.02455000",
		"time": 1662710405201,
		"isBuyerMaker": false,
		"isBestMatch": true
	},
	{
		"id": 514,
		"price": "0.03415000",
		"qty": "1377.00000000",
		"quoteQty": "47.02455000",
		"time": 1662710405201,
		"isBuyerMaker": false,
		"isBestMatch": true
	},
	{
		"id": 515,
		"price": "0.03415000",
		"qty": "1377.00000000",
		"quoteQty": "47.02455000",
		"time": 1662710405201,
		"isBuyerMaker": false,
		"isBestMatch": true
	},
	{
		"id": 516,
		"price": "0.03415000",
		"qty": "1377.00000000",
		"quoteQty": "47.02455000",
		"time": 1662710405201,
		"isBuyerMaker": false,
		"isBestMatch": true
	},
	{
		"id": 517,
		"price": "0.03415000",
		"qty": "1161.00000000",
		"quoteQty": "39.64815000",
		"time": 1662710405201,
		"isBuyerMaker": false,
		"isBestMatch": true
	},
	{
		"id": 518,
		"price": "0.03415000",
		"qty": "216.00000000",
		"quoteQty": "7.37640000",
		"time": 1662710405205,
		"isBuyerMaker": false,
		"isBestMatch": true
	},
	{
		"id": 519,
		"price": "0.03415000",
		"qty": "1377.00000000",
		"quoteQty": "47.02455000",
		"time": 1662710405205,
		"isBuyerMaker": false,
		"isBestMatch": true
	},
	{
		"id": 520,
		"price": "0.03415000",
		"qty": "1369.00000000",
		"quoteQty": "46.75135000",
		"time": 1662710405205,
		"isBuyerMaker": false,
		"isBestMatch": true
	},
	{
		"id": 521,
		"price": "0.03450000",
		"qty": "5485.00000000",
		"quoteQty": "189.23250000",
		"time": 1662710405214,
		"isBuyerMaker": true,
		"isBestMatch": true
	},
	{
		"id": 522,
		"price": "0.03472000",
		"qty": "307.00000000",
		"quoteQty": "10.65904000",
		"time": 1662710405249,
		"isBuyerMaker": false,
		"isBestMatch": true
	},
	{
		"id": 523,
		"price": "0.03472000",
		"qty": "5200.00000000",
		"quoteQty": "180.54400000",
		"time": 1662710405280,
		"isBuyerMaker": false,
		"isBestMatch": true
	},
	{
		"id": 524,
		"price": "0.03473000",
		"qty": "669.00000000",
		"quoteQty": "23.23437000",
		"time": 1662710405280,
		"isBuyerMaker": false,
		"isBestMatch": true
	},
	{
		"id": 525,
		"price": "0.03473000",
		"qty": "2573.00000000",
		"quoteQty": "89.36029000",
		"time": 1662710405280,
		"isBuyerMaker": false,
		"isBestMatch": true
	},
	{
		"id": 526,
		"price": "0.03473000",
		"qty": "669.00000000",
		"quoteQty": "23.23437000",
		"time": 1662710405280,
		"isBuyerMaker": false,
		"isBestMatch": true
	},
	{
		"id": 527,
		"price": "0.03473000",
		"qty": "571.00000000",
		"quoteQty": "19.83083000",
		"time": 1662710405280,
		"isBuyerMaker": false,
		"isBestMatch": true
	},
	{
		"id": 528,
		"price": "0.03477000",
		"qty": "2550.00000000",
		"quoteQty": "88.66350000",
		"time": 1662710405280,
		"isBuyerMaker": false,
		"isBestMatch": true
	},
	{
		"id": 529,
		"price": "0.03557000",
		"qty": "1561.00000000",
		"quoteQty": "55.52477000",
		"time": 1662710405280,
		"isBuyerMaker": false,
		"isBestMatch": true
	},
	{
		"id": 530,
		"price": "0.03557000",
		"qty": "3409.00000000",
		"quoteQty": "121.25813000",
		"time": 1662710405304,
		"isBuyerMaker": false,
		"isBestMatch": true
	},
	{
		"id": 531,
		"price": "0.03557000",
		"qty": "342.00000000",
		"quoteQty": "12.16494000",
		"time": 1662710405310,
		"isBuyerMaker": false,
		"isBestMatch": true
	},
	{
		"id": 532,
		"price": "0.03557000",
		"qty": "74.00000000",
		"quoteQty": "2.63218000",
		"time": 1662710405310,
		"isBuyerMaker": false,
		"isBestMatch": true
	},
	{
		"id": 533,
		"price": "0.03451000",
		"qty": "1689.00000000",
		"quoteQty": "58.28739000",
		"time": 1662710405326,
		"isBuyerMaker": true,
		"isBestMatch": true
	},
	{
		"id": 534,
		"price": "0.03557000",
		"qty": "1642.00000000",
		"quoteQty": "58.40594000",
		"time": 1662710405340,
		"isBuyerMaker": false,
		"isBestMatch": true
	},
	{
		"id": 535,
		"price": "0.03562000",
		"qty": "319.00000000",
		"quoteQty": "11.36278000",
		"time": 1662710405340,
		"isBuyerMaker": false,
		"isBestMatch": true
	},
	{
		"id": 536,
		"price": "0.03562000",
		"qty": "1003.00000000",
		"quoteQty": "35.72686000",
		"time": 1662710405340,
		"isBuyerMaker": false,
		"isBestMatch": true
	},
	{
		"id": 537,
		"price": "0.03562000",
		"qty": "791.00000000",
		"quoteQty": "28.17542000",
		"time": 1662710405340,
		"isBuyerMaker": false,
		"isBestMatch": true
	},
	{
		"id": 538,
		"price": "0.03451000",
		"qty": "6120.00000000",
		"quoteQty": "211.20120000",
		"time": 1662710405343,
		"isBuyerMaker": true,
		"isBestMatch": true
	},
	{
		"id": 539,
		"price": "0.03450000",
		"qty": "1640.00000000",
		"quoteQty": "56.58000000",
		"time": 1662710405343,
		"isBuyerMaker": true,
		"isBestMatch": true
	},
	{
		"id": 540,
		"price": "0.03450000",
		"qty": "603.00000000",
		"quoteQty": "20.80350000",
		"time": 1662710405396,
		"isBuyerMaker": true,
		"isBestMatch": true
	},
	{
		"id": 541,
		"price": "0.03450000",
		"qty": "14467.00000000",
		"quoteQty": "499.11150000",
		"time": 1662710405405,
		"isBuyerMaker": true,
		"isBestMatch": true
	},
	{
		"id": 542,
		"price": "0.03429000",
		"qty": "2005.00000000",
		"quoteQty": "68.75145000",
		"time": 1662710405421,
		"isBuyerMaker": false,
		"isBestMatch": true
	},
	{
		"id": 543,
		"price": "0.03562000",
		"qty": "206.00000000",
		"quoteQty": "7.33772000",
		"time": 1662710405423,
		"isBuyerMaker": false,
		"isBestMatch": true
	},
	{
		"id": 544,
		"price": "0.03599000",
		"qty": "5950.00000000",
		"quoteQty": "214.14050000",
		"time": 1662710405423,
		"isBuyerMaker": false,
		"isBestMatch": true
	},
	{
		"id": 545,
		"price": "0.03600000",
		"qty": "77181.00000000",
		"quoteQty": "2778.51600000",
		"time": 1662710405423,
		"isBuyerMaker": false,
		"isBestMatch": true
	},
	{
		"id": 546,
		"price": "0.03384000",
		"qty": "15312.00000000",
		"quoteQty": "518.15808000",
		"time": 1662710405454,
		"isBuyerMaker": true,
		"isBestMatch": true
	},
	{
		"id": 547,
		"price": "0.03384000",
		"qty": "13080.00000000",
		"quoteQty": "442.62720000",
		"time": 1662710405478,
		"isBuyerMaker": true,
		"isBestMatch": true
	},
	{
		"id": 548,
		"price": "0.03369000",
		"qty": "4743.00000000",
		"quoteQty": "159.79167000",
		"time": 1662710405478,
		"isBuyerMaker": true,
		"isBestMatch": true
	},
	{
		"id": 549,
		"price": "0.03543000",
		"qty": "287.00000000",
		"quoteQty": "10.16841000",
		"time": 1662710405493,
		"isBuyerMaker": false,
		"isBestMatch": true
	},
	{
		"id": 550,
		"price": "0.03543000",
		"qty": "287.00000000",
		"quoteQty": "10.16841000",
		"time": 1662710405493,
		"isBuyerMaker": false,
		"isBestMatch": true
	},
	{
		"id": 551,
		"price": "0.03543000",
		"qty": "287.00000000",
		"quoteQty": "10.16841000",
		"time": 1662710405493,
		"isBuyerMaker": false,
		"isBestMatch": true
	},
	{
		"id": 552,
		"price": "0.03543000",
		"qty": "287.00000000",
		"quoteQty": "10.16841000",
		"time": 1662710405493,
		"isBuyerMaker": false,
		"isBestMatch": true
	},
	{
		"id": 553,
		"price": "0.03543000",
		"qty": "287.00000000",
		"quoteQty": "10.16841000",
		"time": 1662710405493,
		"isBuyerMaker": false,
		"isBestMatch": true
	},
	{
		"id": 554,
		"price": "0.03543000",
		"qty": "287.00000000",
		"quoteQty": "10.16841000",
		"time": 1662710405493,
		"isBuyerMaker": false,
		"isBestMatch": true
	},
	{
		"id": 555,
		"price": "0.03543000",
		"qty": "283.00000000",
		"quoteQty": "10.02669000",
		"time": 1662710405493,
		"isBuyerMaker": false,
		"isBestMatch": true
	},
	{
		"id": 556,
		"price": "0.03584000",
		"qty": "8039.00000000",
		"quoteQty": "288.11776000",
		"time": 1662710405498,
		"isBuyerMaker": true,
		"isBestMatch": true
	},
	{
		"id": 557,
		"price": "0.03369000",
		"qty": "1546.00000000",
		"quoteQty": "52.08474000",
		"time": 1662710405498,
		"isBuyerMaker": true,
		"isBestMatch": true
	},
	{
		"id": 558,
		"price": "0.03368000",
		"qty": "20415.00000000",
		"quoteQty": "687.57720000",
		"time": 1662710405498,
		"isBuyerMaker": true,
		"isBestMatch": true
	},
	{
		"id": 559,
		"price": "0.03562000",
		"qty": "347.00000000",
		"quoteQty": "12.36014000",
		"time": 1662710405506,
		"isBuyerMaker": false,
		"isBestMatch": true
	},
	{
		"id": 560,
		"price": "0.03562000",
		"qty": "2493.00000000",
		"quoteQty": "88.80066000",
		"time": 1662710405518,
		"isBuyerMaker": false,
		"isBestMatch": true
	},
	{
		"id": 561,
		"price": "0.03562000",
		"qty": "1464.00000000",
		"quoteQty": "52.14768000",
		"time": 1662710405518,
		"isBuyerMaker": false,
		"isBestMatch": true
	},
	{
		"id": 562,
		"price": "0.03562000",
		"qty": "1376.00000000",
		"quoteQty": "49.01312000",
		"time": 1662710405522,
		"isBuyerMaker": false,
		"isBestMatch": true
	},
	{
		"id": 563,
		"price": "0.03562000",
		"qty": "2840.00000000",
		"quoteQty": "101.16080000",
		"time": 1662710405522,
		"isBuyerMaker": false,
		"isBestMatch": true
	},
	{
		"id": 564,
		"price": "0.03562000",
		"qty": "2840.00000000",
		"quoteQty": "101.16080000",
		"time": 1662710405522,
		"isBuyerMaker": false,
		"isBestMatch": true
	},
	{
		"id": 565,
		"price": "0.03562000",
		"qty": "2840.00000000",
		"quoteQty": "101.16080000",
		"time": 1662710405522,
		"isBuyerMaker": false,
		"isBestMatch": true
	},
	{
		"id": 566,
		"price": "0.03562000",
		"qty": "2840.00000000",
		"quoteQty": "101.16080000",
		"time": 1662710405522,
		"isBuyerMaker": false,
		"isBestMatch": true
	},
	{
		"id": 567,
		"price": "0.03562000",
		"qty": "2840.00000000",
		"quoteQty": "101.16080000",
		"time": 1662710405522,
		"isBuyerMaker": false,
		"isBestMatch": true
	},
	{
		"id": 568,
		"price": "0.03562000",
		"qty": "2840.00000000",
		"quoteQty": "101.16080000",
		"time": 1662710405522,
		"isBuyerMaker": false,
		"isBestMatch": true
	},
	{
		"id": 569,
		"price": "0.03562000",
		"qty": "2840.00000000",
		"quoteQty": "101.16080000",
		"time": 1662710405522,
		"isBuyerMaker": false,
		"isBestMatch": true
	},
	{
		"id": 570,
		"price": "0.03562000",
		"qty": "2832.00000000",
		"quoteQty": "100.87584000",
		"time": 1662710405522,
		"isBuyerMaker": false,
		"isBestMatch": true
	},
	{
		"id": 571,
		"price": "0.03600000",
		"qty": "21638.00000000",
		"quoteQty": "778.96800000",
		"time": 1662710405522,
		"isBuyerMaker": false,
		"isBestMatch": true
	},
	{
		"id": 572,
		"price": "0.03561000",
		"qty": "6289.00000000",
		"quoteQty": "223.95129000",
		"time": 1662710405566,
		"isBuyerMaker": false,
		"isBestMatch": true
	},
	{
		"id": 573,
		"price": "0.03600000",
		"qty": "11182.00000000",
		"quoteQty": "402.55200000",
		"time": 1662710405566,
		"isBuyerMaker": false,
		"isBestMatch": true
	},
	{
		"id": 574,
		"price": "0.03600000",
		"qty": "8231.00000000",
		"quoteQty": "296.31600000",
		"time": 1662710405566,
		"isBuyerMaker": false,
		"isBestMatch": true
	},
	{
		"id": 575,
		"price": "0.03603000",
		"qty": "25000.00000000",
		"quoteQty": "900.75000000",
		"time": 1662710405566,
		"isBuyerMaker": false,
		"isBestMatch": true
	},
	{
		"id": 576,
		"price": "0.03604000",
		"qty": "1157.00000000",
		"quoteQty": "41.69828000",
		"time": 1662710405566,
		"isBuyerMaker": false,
		"isBestMatch": true
	},
	{
		"id": 577,
		"price": "0.03604000",
		"qty": "1157.00000000",
		"quoteQty": "41.69828000",
		"time": 1662710405566,
		"isBuyerMaker": false,
		"isBestMatch": true
	},
	{
		"id": 578,
		"price": "0.03604000",
		"qty": "1157.00000000",
		"quoteQty": "41.69828000",
		"time": 1662710405566,
		"isBuyerMaker": false,
		"isBestMatch": true
	},
	{
		"id": 579,
		"price": "0.03604000",
		"qty": "1157.00000000",
		"quoteQty": "41.69828000",
		"time": 1662710405566,
		"isBuyerMaker": false,
		"isBestMatch": true
	},
	{
		"id": 580,
		"price": "0.03604000",
		"qty": "1157.00000000",
		"quoteQty": "41.69828000",
		"time": 1662710405566,
		"isBuyerMaker": false,
		"isBestMatch": true
	},
	{
		"id": 581,
		"price": "0.03604000",
		"qty": "1157.00000000",
		"quoteQty": "41.69828000",
		"time": 1662710405566,
		"isBuyerMaker": false,
		"isBestMatch": true
	},
	{
		"id": 582,
		"price": "0.03604000",
		"qty": "1157.00000000",
		"quoteQty": "41.69828000",
		"time": 1662710405566,
