[
	{
		"id": 0,
		"price": "2.54100000",
		"qty": "4.00000000",
		"quoteQty": "10.16400000",
		"time": 1654164000000,
		"isBuyerMaker": false,
		"isBestMatch": true
	},
	{
		"id": 1,
		"price": "2.76300000",
		"qty": "18.30000000",
		"quoteQty": "50.56290000",
		"time": 1654164000305,
		"isBuyerMaker": false,
		"isBestMatch": true
	},
	{
		"id": 2,
		"price": "2.76300000",
		"qty": "6.60000000",
		"quoteQty": "18.23580000",
		"time": 1654164000343,
		"isBuyerMaker": false,
		"isBestMatch": true
	},
	{
		"id": 3,
		"price": "2.76300000",
		"qty": "35.90000000",
		"quoteQty": "99.19170000",
		"time": 1654164000350,
		"isBuyerMaker": false,
		"isBestMatch": true
	},
	{
		"id": 4,
		"price": "2.76300000",
		"qty": "14.10000000",
		"quoteQty": "38.95830000",
		"time": 1654164000443,
		"isBuyerMaker": false,
		"isBestMatch": true
	},
	{
		"id": 5,
		"price": "2.76300000",
		"qty": "42.50000000",
		"quoteQty": "117.42750000",
		"time": 1654164000463,
		"isBuyerMaker": false,
		"isBestMatch": true
	},
	{
		"id": 6,
		"price": "2.76300000",
		"qty": "26.30000000",
		"quoteQty": "72.66690000",
		"time": 1654164000601,
		"isBuyerMaker": false,
		"isBestMatch": true
	},
	{
		"id": 7,
		"price": "2.76300000",
		"qty": "190.60000000",
		"quoteQty": "526.62780000",
		"time": 1654164000669,
		"isBuyerMaker": false,
		"isBestMatch": true
	},
	{
		"id": 8,
		"price": "2.76300000",
		"qty": "49.90000000",
		"quoteQty": "137.87370000",
		"time": 1654164000694,
		"isBuyerMaker": false,
		"isBestMatch": true
	},
	{
		"id": 9,
		"price": "2.86000000",
		"qty": "61.90000000",
		"quoteQty": "177.03400000",
		"time": 1654164000694,
		"isBuyerMaker": false,
		"isBestMatch": true
	},
	{
		"id": 10,
		"price": "2.86000000",
		"qty": "22.60000000",
		"quoteQty": "64.63600000",
		"time": 1654164000718,
		"isBuyerMaker": false,
		"isBestMatch": true
	},
	{
		"id": 11,
		"price": "2.86000000",
		"qty": "148.90000000",
		"quoteQty": "425.85400000",
		"time": 1654164000785,
		"isBuyerMaker": false,
		"isBestMatch": true
	},
	{
		"id": 12,
		"price": "2.86000000",
		"qty": "69.80000000",
		"quoteQty": "199.62800000",
		"time": 1654164000819,
		"isBuyerMaker": false,
		"isBestMatch": true
	},
	{
		"id": 13,
		"price": "2.86000000",
		"qty": "21.40000000",
		"quoteQty": "61.20400000",
		"time": 1654164001098,
		"isBuyerMaker": false,
		"isBestMatch": true
	},
	{
		"id": 14,
		"price": "2.81000000",
		"qty": "5.10000000",
		"quoteQty": "14.33100000",
		"time": 1654164001180,
		"isBuyerMaker": false,
		"isBestMatch": true
	},
	{
		"id": 15,
		"price": "2.81000000",
		"qty": "4.00000000",
		"quoteQty": "11.24000000",
		"time": 1654164001660,
		"isBuyerMaker": false,
		"isBestMatch": true
	},
	{
		"id": 16,
		"price": "2.80900000",
		"qty": "22.10000000",
		"quoteQty": "62.07890000",
		"time": 1654164002010,
		"isBuyerMaker": false,
		"isBestMatch": true
	},
	{
		"id": 17,
		"price": "2.81000000",
		"qty": "31.20000000",
		"quoteQty": "87.67200000",
		"time": 1654164002010,
		"isBuyerMaker": false,
		"isBestMatch": true
	},
	{
		"id": 18,
		"price": "2.81000000",
		"qty": "4.70000000",
		"quoteQty": "13.20700000",
		"time": 1654164002065,
		"isBuyerMaker": false,
		"isBestMatch": true
	},
	{
		"id": 19,
		"price": "2.81000000",
		"qty": "77.70000000",
		"quoteQty": "218.33700000",
		"time": 1654164002075,
		"isBuyerMaker": false,
		"isBestMatch": true
	},
	{
		"id": 20,
		"price": "2.81000000",
		"qty": "177.30000000",
		"quoteQty": "498.21300000",
		"time": 1654164002169,
		"isBuyerMaker": false,
		"isBestMatch": true
	},
	{
		"id": 21,
		"price": "2.81000000",
		"qty": "203.80000000",
		"quoteQty": "572.67800000",
		"time": 1654164002169,
		"isBuyerMaker": false,
		"isBestMatch": true
	},
	{
		"id": 22,
		"price": "2.80800000",
		"qty": "3.90000000",
		"quoteQty": "10.95120000",
		"time": 1654164002517,
		"isBuyerMaker": false,
		"isBestMatch": true
	},
	{
		"id": 23,
		"price": "2.61300000",
		"qty": "135.90000000",
		"quoteQty": "355.10670000",
		"time": 1654164002559,
		"isBuyerMaker": true,
		"isBestMatch": true
	},
	{
		"id": 24,
		"price": "2.80800000",
		"qty": "11.60000000",
		"quoteQty": "32.57280000",
		"time": 1654164002695,
		"isBuyerMaker": false,
		"isBestMatch": true
	},
	{
		"id": 25,
		"price": "2.76300000",
		"qty": "12.10000000",
		"quoteQty": "33.43230000",
		"time": 1654164002858,
		"isBuyerMaker": true,
		"isBestMatch": true
	},
	{
		"id": 26,
		"price": "2.76300000",
		"qty": "8.00000000",
		"quoteQty": "22.10400000",
		"time": 1654164002898,
		"isBuyerMaker": true,
		"isBestMatch": true
	},
	{
		"id": 27,
		"price": "2.80700000",
		"qty": "42.70000000",
		"quoteQty": "119.85890000",
		"time": 1654164003280,
		"isBuyerMaker": false,
		"isBestMatch": true
	},
	{
		"id": 28,
		"price": "2.80700000",
		"qty": "8.60000000",
		"quoteQty": "24.14020000",
		"time": 1654164003413,
		"isBuyerMaker": false,
		"isBestMatch": true
	},
	{
		"id": 29,
		"price": "2.76300000",
		"qty": "7.10000000",
		"quoteQty": "19.61730000",
		"time": 1654164003559,
		"isBuyerMaker": true,
		"isBestMatch": true
	},
	{
		"id": 30,
		"price": "2.80700000",
		"qty": "7.50000000",
		"quoteQty": "21.05250000",
		"time": 1654164003565,
		"isBuyerMaker": false,
		"isBestMatch": true
	},
	{
		"id": 31,
		"price": "2.80700000",
		"qty": "16.50000000",
		"quoteQty": "46.31550000",
		"time": 1654164003575,
		"isBuyerMaker": false,
		"isBestMatch": true
	},
	{
		"id": 32,
		"price": "2.80700000",
		"qty": "60.60000000",
		"quoteQty": "170.10420000",
		"time": 1654164003600,
		"isBuyerMaker": false,
		"isBestMatch": true
	},
	{
		"id": 33,
		"price": "2.80900000",
		"qty": "53.60000000",
		"quoteQty": "150.56240000",
		"time": 1654164003600,
		"isBuyerMaker": false,
		"isBestMatch": true
	},
	{
		"id": 34,
		"price": "2.76300000",
		"qty": "8.60000000",
		"quoteQty": "23.76180000",
		"time": 1654164003620,
		"isBuyerMaker": true,
		"isBestMatch": true
	},
	{
		"id": 35,
		"price": "2.76300000",
		"qty": "5.30000000",
		"quoteQty": "14.64390000",
		"time": 1654164003620,
		"isBuyerMaker": true,
		"isBestMatch": true
	},
	{
		"id": 36,
		"price": "2.69400000",
		"qty": "22.90000000",
		"quoteQty": "61.69260000",
		"time": 1654164003620,
		"isBuyerMaker": true,
		"isBestMatch": true
	},
	{
		"id": 37,
		"price": "2.80900000",
		"qty": "30.70000000",
		"quoteQty": "86.23630000",
		"time": 1654164003643,
		"isBuyerMaker": false,
		"isBestMatch": true
	},
	{
		"id": 38,
		"price": "2.76300000",
		"qty": "6.40000000",
		"quoteQty": "17.68320000",
		"time": 1654164003689,
		"isBuyerMaker": true,
		"isBestMatch": true
	},
	{
		"id": 39,
		"price": "2.76300000",
		"qty": "12.60000000",
		"quoteQty": "34.81380000",
		"time": 1654164003733,
		"isBuyerMaker": true,
		"isBestMatch": true
	},
	{
		"id": 40,
		"price": "2.69400000",
		"qty": "24.20000000",
		"quoteQty": "65.19480000",
		"time": 1654164003733,
		"isBuyerMaker": true,
		"isBestMatch": true
	},
	{
		"id": 41,
		"price": "2.75100000",
		"qty": "47.10000000",
		"quoteQty": "129.57210000",
		"time": 1654164003922,
		"isBuyerMaker": false,
		"isBestMatch": true
	},
	{
		"id": 42,
		"price": "2.76300000",
		"qty": "17.30000000",
		"quoteQty": "47.79990000",
		"time": 1654164003932,
		"isBuyerMaker": true,
		"isBestMatch": true
	},
	{
		"id": 43,
		"price": "2.76300000",
		"qty": "24.00000000",
		"quoteQty": "66.31200000",
		"time": 1654164003939,
		"isBuyerMaker": true,
		"isBestMatch": true
	},
	{
		"id": 44,
		"price": "2.76300000",
		"qty": "20.40000000",
		"quoteQty": "56.36520000",
		"time": 1654164003946,
		"isBuyerMaker": true,
		"isBestMatch": true
	},
	{
		"id": 45,
		"price": "2.76300000",
		"qty": "22.00000000",
		"quoteQty": "60.78600000",
		"time": 1654164003964,
		"isBuyerMaker": true,
		"isBestMatch": true
	},
	{
		"id": 46,
		"price": "2.64500000",
		"qty": "91.80000000",
		"quoteQty": "242.81100000",
		"time": 1654164003974,
		"isBuyerMaker": true,
		"isBestMatch": true
	},
	{
		"id": 47,
		"price": "2.71000000",
		"qty": "25.00000000",
		"quoteQty": "67.75000000",
		"time": 1654164004372,
		"isBuyerMaker": true,
		"isBestMatch": true
	},
	{
		"id": 48,
		"price": "2.75000000",
		"qty": "46.00000000",
		"quoteQty": "126.50000000",
		"time": 1654164004626,
		"isBuyerMaker": false,
		"isBestMatch": true
	},
	{
		"id": 49,
		"price": "2.75000000",
		"qty": "116.80000000",
		"quoteQty": "321.20000000",
		"time": 1654164004638,
		"isBuyerMaker": false,
		"isBestMatch": true
	},
	{
		"id": 50,
		"price": "2.75000000",
		"qty": "5.30000000",
		"quoteQty": "14.57500000",
		"time": 1654164004711,
		"isBuyerMaker": false,
		"isBestMatch": true
	},
	{
		"id": 51,
		"price": "2.75000000",
		"qty": "4.00000000",
		"quoteQty": "11.00000000",
		"time": 1654164004796,
		"isBuyerMaker": false,
		"isBestMatch": true
	},
	{
		"id": 52,
		"price": "2.75000000",
		"qty": "6.50000000",
		"quoteQty": "17.87500000",
		"time": 1654164004833,
		"isBuyerMaker": false,
		"isBestMatch": true
	},
	{
		"id": 53,
		"price": "2.75000000",
		"qty": "17.90000000",
		"quoteQty": "49.22500000",
		"time": 1654164005001,
		"isBuyerMaker": false,
		"isBestMatch": true
	},
	{
		"id": 54,
		"price": "2.75000000",
		"qty": "3.90000000",
		"quoteQty": "10.72500000",
		"time": 1654164005072,
		"isBuyerMaker": false,
		"isBestMatch": true
	},
	{
		"id": 55,
		"price": "2.75000000",
		"qty": "929.70000000",
		"quoteQty": "2556.67500000",
		"time": 1654164005122,
		"isBuyerMaker": false,
		"isBestMatch": true
	},
	{
		"id": 56,
		"price": "2.73200000",
		"qty": "13.80000000",
		"quoteQty": "37.70160000",
		"time": 1654164006636,
		"isBuyerMaker": false,
		"isBestMatch": true
	},
	{
		"id": 57,
		"price": "2.73200000",
		"qty": "7.50000000",
		"quoteQty": "20.49000000",
		"time": 1654164006695,
		"isBuyerMaker": false,
		"isBestMatch": true
	},
	{
		"id": 58,
		"price": "2.73200000",
		"qty": "6.00000000",
		"quoteQty": "16.39200000",
		"time": 1654164006852,
		"isBuyerMaker": false,
		"isBestMatch": true
	},
	{
		"id": 59,
		"price": "2.73200000",
		"qty": "5.50000000",
		"quoteQty": "15.02600000",
		"time": 1654164007324,
		"isBuyerMaker": false,
		"isBestMatch": true
	},
	{
		"id": 60,
		"price": "2.73200000",
		"qty": "42.40000000",
		"quoteQty": "115.83680000",
		"time": 1654164007686,
		"isBuyerMaker": false,
		"isBestMatch": true
	},
	{
		"id": 61,
		"price": "2.73200000",
		"qty": "11.30000000",
		"quoteQty": "30.87160000",
		"time": 1654164007690,
		"isBuyerMaker": false,
		"isBestMatch": true
	},
	{
		"id": 62,
		"price": "2.73200000",
		"qty": "3.80000000",
		"quoteQty": "10.38160000",
		"time": 1654164007767,
		"isBuyerMaker": false,
		"isBestMatch": true
	},
	{
		"id": 63,
		"price": "2.73200000",
		"qty": "196.10000000",
		"quoteQty": "535.74520000",
		"time": 1654164007915,
		"isBuyerMaker": false,
		"isBestMatch": true
	},
	{
		"id": 64,
		"price": "2.73200000",
		"qty": "18.00000000",
		"quoteQty": "49.17600000",
		"time": 1654164008239,
		"isBuyerMaker": false,
		"isBestMatch": true
	},
	{
		"id": 65,
		"price": "2.73200000",
		"qty": "68.80000000",
		"quoteQty": "187.96160000",
		"time": 1654164008326,
		"isBuyerMaker": false,
		"isBestMatch": true
	},
	{
		"id": 66,
		"price": "2.73200000",
		"qty": "7.70000000",
		"quoteQty": "21.03640000",
		"time": 1654164008478,
		"isBuyerMaker": false,
		"isBestMatch": true
	},
	{
		"id": 67,
		"price": "2.73200000",
		"qty": "153.90000000",
		"quoteQty": "420.45480000",
		"time": 1654164008909,
		"isBuyerMaker": false,
		"isBestMatch": true
	},
	{
		"id": 68,
		"price": "2.73200000",
		"qty": "5.70000000",
		"quoteQty": "15.57240000",
		"time": 1654164009115,
		"isBuyerMaker": false,
		"isBestMatch": true
	},
	{
		"id": 69,
		"price": "2.73200000",
		"qty": "36.50000000",
		"quoteQty": "99.71800000",
		"time": 1654164009450,
		"isBuyerMaker": false,
		"isBestMatch": true
	},
	{
		"id": 70,
		"price": "2.73200000",
		"qty": "24.00000000",
		"quoteQty": "65.56800000",
		"time": 1654164009500,
		"isBuyerMaker": false,
		"isBestMatch": true
	},
	{
		"id": 71,
		"price": "2.73200000",
		"qty": "16.00000000",
		"quoteQty": "43.71200000",
		"time": 1654164009561,
		"isBuyerMaker": true,
		"isBestMatch": true
	},
	{
		"id": 72,
		"price": "2.71100000",
		"qty": "2.20000000",
		"quoteQty": "5.96420000",
		"time": 1654164009561,
		"isBuyerMaker": true,
		"isBestMatch": true
	},
	{
		"id": 73,
		"price": "2.73300000",
		"qty": "3.60000000",
		"quoteQty": "9.83880000",
		"time": 1654164009598,
		"isBuyerMaker": false,
		"isBestMatch": true
	},
	{
		"id": 74,
		"price": "2.73300000",
		"qty": "25.90000000",
		"quoteQty": "70.78470000",
		"time": 1654164009796,
		"isBuyerMaker": false,
		"isBestMatch": true
	},
	{
		"id": 75,
		"price": "2.73200000",
		"qty": "25.00000000",
		"quoteQty": "68.30000000",
		"time": 1654164010112,
		"isBuyerMaker": false,
		"isBestMatch": true
	},
	{
		"id": 76,
		"price": "2.73300000",
		"qty": "11.30000000",
		"quoteQty": "30.88290000",
		"time": 1654164010112,
		"isBuyerMaker": false,
		"isBestMatch": true
	},
	{
		"id": 77,
		"price": "2.71500000",
		"qty": "224.80000000",
		"quoteQty": "610.33200000",
		"time": 1654164010360,
		"isBuyerMaker": true,
		"isBestMatch": true
	},
	{
		"id": 78,
		"price": "2.71500000",
		"qty": "250.70000000",
		"quoteQty": "680.65050000",
		"time": 1654164010360,
		"isBuyerMaker": true,
		"isBestMatch": true
	},
	{
		"id": 79,
		"price": "2.71500000",
		"qty": "234.00000000",
		"quoteQty": "635.31000000",
		"time": 1654164010360,
		"isBuyerMaker": true,
		"isBestMatch": true
	},
	{
		"id": 80,
		"price": "2.71500000",
		"qty": "233.30000000",
		"quoteQty": "633.40950000",
		"time": 1654164010360,
		"isBuyerMaker": true,
		"isBestMatch": true
	},
	{
		"id": 81,
		"price": "2.71100000",
		"qty": "5.50000000",
		"quoteQty": "14.91050000",
		"time": 1654164010360,
		"isBuyerMaker": true,
		"isBestMatch": true
	},
	{
		"id": 82,
		"price": "2.71000000",
		"qty": "76.40000000",
		"quoteQty": "207.04400000",
		"time": 1654164010360,
		"isBuyerMaker": true,
		"isBestMatch": true
	},
	{
		"id": 83,
		"price": "2.70000000",
		"qty": "6.10000000",
		"quoteQty": "16.47000000",
		"time": 1654164010426,
		"isBuyerMaker": false,
		"isBestMatch": true
	},
	{
		"id": 84,
		"price": "2.70000000",
		"qty": "213.80000000",
		"quoteQty": "577.26000000",
		"time": 1654164010428,
		"isBuyerMaker": false,
		"isBestMatch": true
	},
	{
		"id": 85,
		"price": "2.70000000",
		"qty": "370.00000000",
		"quoteQty": "999.00000000",
		"time": 1654164010432,
		"isBuyerMaker": false,
		"isBestMatch": true
	},
	{
		"id": 86,
		"price": "2.70000000",
		"qty": "179.10000000",
		"quoteQty": "483.57000000",
		"time": 1654164010434,
		"isBuyerMaker": false,
		"isBestMatch": true
	},
	{
		"id": 87,
		"price": "2.70000000",
		"qty": "106.90000000",
		"quoteQty": "288.63000000",
		"time": 1654164010454,
		"isBuyerMaker": false,
		"isBestMatch": true
	},
	{
		"id": 88,
		"price": "2.70000000",
		"qty": "9.30000000",
		"quoteQty": "25.11000000",
		"time": 1654164010491,
		"isBuyerMaker": false,
		"isBestMatch": true
	},
	{
		"id": 89,
		"price": "2.70000000",
		"qty": "89.00000000",
		"quoteQty": "240.30000000",
		"time": 1654164010544,
		"isBuyerMaker": false,
		"isBestMatch": true
	},
	{
		"id": 90,
		"price": "2.70000000",
		"qty": "100.30000000",
		"quoteQty": "270.81000000",
		"time": 1654164010554,
		"isBuyerMaker": false,
		"isBestMatch": true
	},
	{
		"id": 91,
		"price": "2.70000000",
		"qty": "185.10000000",
		"quoteQty": "499.77000000",
		"time": 1654164011034,
		"isBuyerMaker": false,
		"isBestMatch": true
	},
	{
		"id": 92,
		"price": "2.70000000",
		"qty": "11.10000000",
		"quoteQty": "29.97000000",
		"time": 1654164011068,
		"isBuyerMaker": false,
		"isBestMatch": true
	},
	{
		"id": 93,
		"price": "2.70000000",
		"qty": "36.60000000",
		"quoteQty": "98.82000000",
		"time": 1654164011544,
		"isBuyerMaker": false,
		"isBestMatch": true
	},
	{
		"id": 94,
		"price": "2.70000000",
		"qty": "38.70000000",
		"quoteQty": "104.49000000",
		"time": 1654164011689,
		"isBuyerMaker": false,
		"isBestMatch": true
	},
	{
		"id": 95,
		"price": "2.70000000",
		"qty": "30.10000000",
		"quoteQty": "81.27000000",
		"time": 1654164012130,
		"isBuyerMaker": false,
		"isBestMatch": true
	},
	{
		"id": 96,
		"price": "2.70000000",
		"qty": "15.70000000",
		"quoteQty": "42.39000000",
		"time": 1654164013028,
		"isBuyerMaker": false,
		"isBestMatch": true
	},
	{
		"id": 97,
		"price": "2.70000000",
		"qty": "148.10000000",
		"quoteQty": "399.87000000",
		"time": 1654164013171,
		"isBuyerMaker": false,
		"isBestMatch": true
	},
	{
		"id": 98,
		"price": "2.70000000",
		"qty": "3.70000000",
		"quoteQty": "9.99000000",
		"time": 1654164013253,
		"isBuyerMaker": false,
		"isBestMatch": true
	},
	{
		"id": 99,
		"price": "2.70000000",
		"qty": "4.30000000",
		"quoteQty": "11.61000000",
		"time": 1654164013409,
		"isBuyerMaker": false,
		"isBestMatch": true
	},
	{
		"id": 100,
		"price": "2.70000000",
		"qty": "26.60000000",
		"quoteQty": "71.82000000",
		"time": 1654164013637,
		"isBuyerMaker": false,
		"isBestMatch": true
	},
	{
		"id": 101,
		"price": "2.70000000",
		"qty": "4.80000000",
		"quoteQty": "12.96000000",
		"time": 1654164013773,
		"isBuyerMaker": false,
		"isBestMatch": true
	},
	{
		"id": 102,
		"price": "2.70000000",
		"qty": "36.30000000",
		"quoteQty": "98.01000000",
		"time": 1654164014210,
		"isBuyerMaker": false,
		"isBestMatch": true
	},
	{
		"id": 103,
		"price": "2.70000000",
		"qty": "3.70000000",
		"quoteQty": "9.99000000",
		"time": 1654164014609,
		"isBuyerMaker": false,
		"isBestMatch": true
	},
	{
		"id": 104,
		"price": "2.70000000",
		"qty": "370.30000000",
		"quoteQty": "999.81000000",
		"time": 1654164014965,
		"isBuyerMaker": false,
		"isBestMatch": true
	},
	{
		"id": 105,
		"price": "2.69700000",
		"qty": "21.70000000",
		"quoteQty": "58.52490000",
		"time": 1654164015771,
		"isBuyerMaker": true,
		"isBestMatch": true
	},
	{
		"id": 106,
		"price": "2.70000000",
		"qty": "14.60000000",
		"quoteQty": "39.42000000",
		"time": 1654164015847,
		"isBuyerMaker": false,
		"isBestMatch": true
	},
	{
		"id": 107,
		"price": "2.70000000",
		"qty": "60.50000000",
		"quoteQty": "163.35000000",
		"time": 1654164016106,
		"isBuyerMaker": false,
		"isBestMatch": true
	},
	{
		"id": 108,
		"price": "2.69700000",
		"qty": "208.50000000",
		"quoteQty": "562.32450000",
		"time": 1654164016442,
		"isBuyerMaker": true,
		"isBestMatch": true
	},
	{
		"id": 109,
		"price": "2.69700000",
		"qty": "236.20000000",
		"quoteQty": "637.03140000",
		"time": 1654164016442,
		"isBuyerMaker": true,
		"isBestMatch": true
	},
	{
		"id": 110,
		"price": "2.69700000",
		"qty": "34.30000000",
		"quoteQty": "92.50710000",
		"time": 1654164016492,
		"isBuyerMaker": false,
		"isBestMatch": true
	},
	{
		"id": 111,
		"price": "2.68100000",
		"qty": "67.80000000",
		"quoteQty": "181.77180000",
		"time": 1654164016574,
		"isBuyerMaker": true,
		"isBestMatch": true
	},
	{
		"id": 112,
		"price": "2.66200000",
		"qty": "48.80000000",
		"quoteQty": "129.90560000",
		"time": 1654164016574,
		"isBuyerMaker": true,
		"isBestMatch": true
	},
	{
		"id": 113,
		"price": "2.69600000",
		"qty": "150.40000000",
		"quoteQty": "405.47840000",
		"time": 1654164016902,
		"isBuyerMaker": false,
		"isBestMatch": true
	},
	{
		"id": 114,
		"price": "2.69600000",
		"qty": "82.90000000",
		"quoteQty": "223.49840000",
		"time": 1654164016949,
		"isBuyerMaker": false,
		"isBestMatch": true
	},
	{
		"id": 115,
		"price": "2.69600000",
		"qty": "15.60000000",
		"quoteQty": "42.05760000",
		"time": 1654164016949,
		"isBuyerMaker": false,
		"isBestMatch": true
	},
	{
		"id": 116,
		"price": "2.69600000",
		"qty": "5.90000000",
		"quoteQty": "15.90640000",
		"time": 1654164016987,
		"isBuyerMaker": false,
		"isBestMatch": true
	},
	{
		"id": 117,
		"price": "2.69600000",
		"qty": "214.70000000",
		"quoteQty": "578.83120000",
		"time": 1654164017095,
		"isBuyerMaker": false,
		"isBestMatch": true
	},
	{
		"id": 118,
		"price": "2.69600000",
		"qty": "78.80000000",
		"quoteQty": "212.44480000",
		"time": 1654164017095,
		"isBuyerMaker": false,
		"isBestMatch": true
	},
	{
		"id": 119,
		"price": "2.69600000",
		"qty": "10.80000000",
		"quoteQty": "29.11680000",
		"time": 1654164017469,
		"isBuyerMaker": false,
		"isBestMatch": true
	},
	{
		"id": 120,
		"price": "2.69600000",
		"qty": "19.40000000",
		"quoteQty": "52.30240000",
		"time": 1654164017738,
		"isBuyerMaker": false,
		"isBestMatch": true
	},
	{
		"id": 121,
		"price": "2.69600000",
		"qty": "3.90000000",
		"quoteQty": "10.51440000",
		"time": 1654164017957,
		"isBuyerMaker": false,
		"isBestMatch": true
	},
	{
		"id": 122,
		"price": "2.69600000",
		"qty": "10.70000000",
		"quoteQty": "28.84720000",
		"time": 1654164019673,
		"isBuyerMaker": false,
		"isBestMatch": true
	},
	{
		"id": 123,
		"price": "2.67900000",
		"qty": "116.60000000",
		"quoteQty": "312.37140000",
		"time": 1654164020013,
		"isBuyerMaker": true,
		"isBestMatch": true
	},
	{
		"id": 124,
		"price": "2.67800000",
		"qty": "234.80000000",
		"quoteQty": "628.79440000",
		"time": 1654164020013,
		"isBuyerMaker": true,
		"isBestMatch": true
	},
	{
		"id": 125,
		"price": "2.67800000",
		"qty": "148.90000000",
		"quoteQty": "398.75420000",
		"time": 1654164020013,
		"isBuyerMaker": true,
		"isBestMatch": true
	},
	{
		"id": 126,
		"price": "2.69500000",
		"qty": "148.10000000",
		"quoteQty": "399.12950000",
		"time": 1654164020941,
		"isBuyerMaker": false,
		"isBestMatch": true
	},
	{
		"id": 127,
		"price": "2.67800000",
		"qty": "45.90000000",
		"quoteQty": "122.92020000",
		"time": 1654164022925,
		"isBuyerMaker": true,
		"isBestMatch": true
	},
	{
		"id": 128,
		"price": "2.69500000",
		"qty": "5.50000000",
		"quoteQty": "14.82250000",
		"time": 1654164023106,
		"isBuyerMaker": false,
		"isBestMatch": true
	},
	{
		"id": 129,
		"price": "2.67800000",
		"qty": "5.00000000",
		"quoteQty": "13.39000000",
		"time": 1654164023239,
		"isBuyerMaker": true,
		"isBestMatch": true
	},
	{
		"id": 130,
		"price": "2.69600000",
		"qty": "18.60000000",
		"quoteQty": "50.14560000",
		"time": 1654164023742,
		"isBuyerMaker": false,
		"isBestMatch": true
	},
	{
		"id": 131,
		"price": "2.69600000",
		"qty": "38.80000000",
		"quoteQty": "104.60480000",
		"time": 1654164024844,
		"isBuyerMaker": false,
		"isBestMatch": true
	},
	{
		"id": 132,
		"price": "2.69600000",
		"qty": "10.60000000",
		"quoteQty": "28.57760000",
		"time": 1654164025327,
		"isBuyerMaker": false,
		"isBestMatch": true
	},
	{
		"id": 133,
		"price": "2.69500000",
		"qty": "12.70000000",
		"quoteQty": "34.22650000",
		"time": 1654164025540,
		"isBuyerMaker": false,
		"isBestMatch": true
	},
	{
		"id": 134,
		"price": "2.69500000",
		"qty": "9.90000000",
		"quoteQty": "26.68050000",
		"time": 1654164025744,
		"isBuyerMaker": false,
		"isBestMatch": true
	},
	{
		"id": 135,
		"price": "2.69500000",
		"qty": "3.90000000",
		"quoteQty": "10.51050000",
		"time": 1654164025755,
		"isBuyerMaker": false,
		"isBestMatch": true
	},
	{
		"id": 136,
		"price": "2.69400000",
		"qty": "37.10000000",
		"quoteQty": "99.94740000",
		"time": 1654164026267,
		"isBuyerMaker": false,
		"isBestMatch": true
	},
	{
		"id": 137,
		"price": "2.68100000",
		"qty": "7.40000000",
		"quoteQty": "19.83940000",
		"time": 1654164026976,
		"isBuyerMaker": true,
		"isBestMatch": true
	},
	{
		"id": 138,
		"price": "2.69600000",
		"qty": "148.10000000",
		"quoteQty": "399.27760000",
		"time": 1654164027154,
		"isBuyerMaker": false,
		"isBestMatch": true
	},
	{
		"id": 139,
		"price": "2.68100000",
		"qty": "84.90000000",
		"quoteQty": "227.61690000",
		"time": 1654164027387,
		"isBuyerMaker": true,
		"isBestMatch": true
	},
	{
		"id": 140,
		"price": "2.68100000",
		"qty": "2.60000000",
		"quoteQty": "6.97060000",
		"time": 1654164027387,
		"isBuyerMaker": true,
		"isBestMatch": true
	},
	{
		"id": 141,
		"price": "2.68100000",
		"qty": "31.10000000",
		"quoteQty": "83.37910000",
		"time": 1654164028765,
		"isBuyerMaker": true,
		"isBestMatch": true
	},
	{
		"id": 142,
		"price": "2.67900000",
		"qty": "33.40000000",
		"quoteQty": "89.47860000",
		"time": 1654164028765,
		"isBuyerMaker": true,
		"isBestMatch": true
	},
	{
		"id": 143,
		"price": "2.69500000",
		"qty": "154.90000000",
		"quoteQty": "417.45550000",
		"time": 1654164029095,
		"isBuyerMaker": false,
		"isBestMatch": true
	},
	{
		"id": 144,
		"price": "2.69400000",
		"qty": "3.70000000",
		"quoteQty": "9.96780000",
		"time": 1654164030093,
		"isBuyerMaker": false,
		"isBestMatch": true
	},
	{
		"id": 145,
		"price": "2.69000000",
		"qty": "78.30000000",
		"quoteQty": "210.62700000",
		"time": 1654164030440,
		"isBuyerMaker": false,
		"isBestMatch": true
	},
	{
		"id": 146,
		"price": "2.69500000",
		"qty": "7.90000000",
		"quoteQty": "21.29050000",
		"time": 1654164032464,
		"isBuyerMaker": true,
		"isBestMatch": true
	},
	{
		"id": 147,
		"price": "2.69500000",
		"qty": "3.80000000",
		"quoteQty": "10.24100000",
		"time": 1654164032678,
		"isBuyerMaker": true,
		"isBestMatch": true
	},
	{
		"id": 148,
		"price": "2.69600000",
		"qty": "3.70000000",
		"quoteQty": "9.97520000",
		"time": 1654164033193,
		"isBuyerMaker": false,
		"isBestMatch": true
	},
	{
		"id": 149,
		"price": "2.69600000",
		"qty": "11.20000000",
		"quoteQty": "30.19520000",
		"time": 1654164033658,
		"isBuyerMaker": false,
		"isBestMatch": true
	},
	{
		"id": 150,
		"price": "2.69500000",
		"qty": "22.20000000",
		"quoteQty": "59.82900000",
		"time": 1654164034538,
		"isBuyerMaker": true,
		"isBestMatch": true
	},
	{
		"id": 151,
		"price": "2.69600000",
		"qty": "62.60000000",
		"quoteQty": "168.76960000",
		"time": 1654164035533,
		"isBuyerMaker": false,
		"isBestMatch": true
	},
	{
		"id": 152,
		"price": "2.69600000",
		"qty": "102.60000000",
		"quoteQty": "276.60960000",
		"time": 1654164035533,
		"isBuyerMaker": false,
		"isBestMatch": true
	},
	{
		"id": 153,
		"price": "2.70000000",
		"qty": "210.10000000",
		"quoteQty": "567.27000000",
		"time": 1654164035533,
		"isBuyerMaker": false,
		"isBestMatch": true
	},
	{
		"id": 154,
		"price": "2.69500000",
		"qty": "49.90000000",
		"quoteQty": "134.48050000",
		"time": 1654164035837,
		"isBuyerMaker": true,
		"isBestMatch": true
	},
	{
		"id": 155,
		"price": "2.69500000",
		"qty": "105.00000000",
		"quoteQty": "282.97500000",
		"time": 1654164036274,
		"isBuyerMaker": true,
		"isBestMatch": true
	},
	{
		"id": 156,
		"price": "2.70000000",
		"qty": "3.80000000",
		"quoteQty": "10.26000000",
		"time": 1654164036338,
		"isBuyerMaker": false,
		"isBestMatch": true
	},
	{
		"id": 157,
		"price": "2.69500000",
		"qty": "94.20000000",
		"quoteQty": "253.86900000",
		"time": 1654164036398,
		"isBuyerMaker": true,
		"isBestMatch": true
	},
	{
		"id": 158,
		"price": "2.69500000",
		"qty": "16.60000000",
		"quoteQty": "44.73700000",
		"time": 1654164036473,
		"isBuyerMaker": true,
		"isBestMatch": true
	},
	{
		"id": 159,
		"price": "2.68400000",
		"qty": "35.80000000",
		"quoteQty": "96.08720000",
		"time": 1654164036610,
		"isBuyerMaker": true,
		"isBestMatch": true
	},
	{
		"id": 160,
		"price": "2.69600000",
		"qty": "13.50000000",
		"quoteQty": "36.39600000",
		"time": 1654164039234,
		"isBuyerMaker": true,
		"isBestMatch": true
	},
	{
		"id": 161,
		"price": "2.69100000",
		"qty": "7.70000000",
		"quoteQty": "20.72070000",
		"time": 1654164039410,
		"isBuyerMaker": true,
		"isBestMatch": true
	},
	{
		"id": 162,
		"price": "2.69900000",
		"qty": "3.70000000",
		"quoteQty": "9.98630000",
		"time": 1654164039707,
		"isBuyerMaker": false,
		"isBestMatch": true
	},
	{
		"id": 163,
		"price": "2.69800000",
		"qty": "7.40000000",
		"quoteQty": "19.96520000",
		"time": 1654164040847,
		"isBuyerMaker": false,
		"isBestMatch": true
	},
	{
		"id": 164,
		"price": "2.69100000",
		"qty": "51.20000000",
		"quoteQty": "137.77920000",
		"time": 1654164040960,
		"isBuyerMaker": true,
		"isBestMatch": true
	},
	{
		"id": 165,
		"price": "2.69000000",
		"qty": "33.80000000",
		"quoteQty": "90.92200000",
		"time": 1654164041431,
		"isBuyerMaker": true,
		"isBestMatch": true
	},
	{
		"id": 166,
		"price": "2.69000000",
		"qty": "13.20000000",
		"quoteQty": "35.50800000",
		"time": 1654164041431,
		"isBuyerMaker": true,
		"isBestMatch": true
	},
	{
		"id": 167,
		"price": "2.69000000",
		"qty": "14.60000000",
		"quoteQty": "39.27400000",
		"time": 1654164041431,
		"isBuyerMaker": true,
		"isBestMatch": true
	},
	{
		"id": 168,
		"price": "2.69000000",
		"qty": "22.60000000",
		"quoteQty": "60.79400000",
		"time": 1654164042668,
		"isBuyerMaker": false,
		"isBestMatch": true
	},
	{
		"id": 169,
		"price": "2.69000000",
		"qty": "304.30000000",
		"quoteQty": "818.56700000",
		"time": 1654164043572,
		"isBuyerMaker": false,
		"isBestMatch": true
	},
	{
		"id": 170,
		"price": "2.68600000",
		"qty": "53.40000000",
		"quoteQty": "143.43240000",
		"time": 1654164044016,
		"isBuyerMaker": true,
		"isBestMatch": true
	},
	{
		"id": 171,
		"price": "2.68500000",
		"qty": "254.90000000",
		"quoteQty": "684.40650000",
		"time": 1654164044016,
		"isBuyerMaker": true,
		"isBestMatch": true
	},
	{
		"id": 172,
		"price": "2.68500000",
		"qty": "18.60000000",
		"quoteQty": "49.94100000",
		"time": 1654164044016,
		"isBuyerMaker": true,
		"isBestMatch": true
	},
	{
		"id": 173,
		"price": "2.68400000",
		"qty": "113.40000000",
		"quoteQty": "304.36560000",
		"time": 1654164044016,
		"isBuyerMaker": true,
		"isBestMatch": true
	},
	{
		"id": 174,
		"price": "2.68200000",
		"qty": "18.70000000",
		"quoteQty": "50.15340000",
		"time": 1654164044027,
		"isBuyerMaker": false,
		"isBestMatch": true
	},
	{
		"id": 175,
		"price": "2.68200000",
		"qty": "101.90000000",
		"quoteQty": "273.29580000",
		"time": 1654164044047,
		"isBuyerMaker": false,
		"isBestMatch": true
	},
	{
		"id": 176,
		"price": "2.68200000",
		"qty": "74.30000000",
		"quoteQty": "199.27260000",
		"time": 1654164044057,
		"isBuyerMaker": false,
		"isBestMatch": true
	},
	{
		"id": 177,
		"price": "2.68200000",
		"qty": "30.70000000",
		"quoteQty": "82.33740000",
		"time": 1654164044066,
		"isBuyerMaker": false,
		"isBestMatch": true
	},
	{
		"id": 178,
		"price": "2.68200000",
		"qty": "78.10000000",
		"quoteQty": "209.46420000",
		"time": 1654164044110,
		"isBuyerMaker": false,
		"isBestMatch": true
	},
	{
		"id": 179,
		"price": "2.68800000",
		"qty": "5.00000000",
		"quoteQty": "13.44000000",
		"time": 1654164044189,
		"isBuyerMaker": false,
		"isBestMatch": true
	},
	{
		"id": 180,
		"price": "2.68100000",
		"qty": "38.60000000",
		"quoteQty": "103.48660000",
		"time": 1654164044719,
		"isBuyerMaker": true,
		"isBestMatch": true
	},
	{
		"id": 181,
		"price": "2.67800000",
		"qty": "18.50000000",
		"quoteQty": "49.54300000",
		"time": 1654164044719,
		"isBuyerMaker": true,
		"isBestMatch": true
	},
	{
		"id": 182,
		"price": "2.67800000",
		"qty": "4.00000000",
		"quoteQty": "10.71200000",
		"time": 1654164044719,
		"isBuyerMaker": true,
		"isBestMatch": true
	},
	{
		"id": 183,
		"price": "2.67800000",
		"qty": "30.80000000",
		"quoteQty": "82.48240000",
		"time": 1654164044719,
		"isBuyerMaker": true,
		"isBestMatch": true
	},
	{
		"id": 184,
		"price": "2.67700000",
		"qty": "19.70000000",
		"quoteQty": "52.73690000",
		"time": 1654164044719,
		"isBuyerMaker": true,
		"isBestMatch": true
	},
	{
		"id": 185,
		"price": "2.68900000",
		"qty": "3.80000000",
		"quoteQty": "10.21820000",
		"time": 1654164045532,
		"isBuyerMaker": false,
		"isBestMatch": true
	},
	{
		"id": 186,
		"price": "2.68800000",
		"qty": "4.50000000",
		"quoteQty": "12.09600000",
		"time": 1654164045771,
		"isBuyerMaker": false,
		"isBestMatch": true
	},
	{
		"id": 187,
		"price": "2.68800000",
		"qty": "11.50000000",
		"quoteQty": "30.91200000",
		"time": 1654164046685,
		"isBuyerMaker": false,
		"isBestMatch": true
	},
	{
		"id": 188,
		"price": "2.68800000",
		"qty": "2.60000000",
		"quoteQty": "6.98880000",
		"time": 1654164046755,
		"isBuyerMaker": false,
		"isBestMatch": true
	},
	{
		"id": 189,
		"price": "2.68900000",
		"qty": "7.40000000",
		"quoteQty": "19.89860000",
		"time": 1654164046755,
		"isBuyerMaker": false,
		"isBestMatch": true
	},
	{
		"id": 190,
		"price": "2.68800000",
		"qty": "32.10000000",
		"quoteQty": "86.28480000",
		"time": 1654164049656,
		"isBuyerMaker": false,
		"isBestMatch": true
	},
	{
		"id": 191,
		"price": "2.68900000",
		"qty": "5.00000000",
		"quoteQty": "13.44500000",
		"time": 1654164050002,
		"isBuyerMaker": false,
		"isBestMatch": true
	},
	{
		"id": 192,
		"price": "2.68900000",
		"qty": "37.20000000",
		"quoteQty": "100.03080000",
		"time": 1654164050073,
		"isBuyerMaker": false,
		"isBestMatch": true
	},
	{
		"id": 193,
		"price": "2.68900000",
		"qty": "311.50000000",
		"quoteQty": "837.62350000",
		"time": 1654164050073,
		"isBuyerMaker": false,
		"isBestMatch": true
	},
	{
		"id": 194,
		"price": "2.68900000",
		"qty": "21.70000000",
		"quoteQty": "58.35130000",
		"time": 1654164050557,
		"isBuyerMaker": false,
		"isBestMatch": true
	},
	{
		"id": 195,
		"price": "2.68900000",
		"qty": "7.30000000",
		"quoteQty": "19.62970000",
		"time": 1654164050750,
		"isBuyerMaker": false,
		"isBestMatch": true
	},
	{
		"id": 196,
		"price": "2.68900000",
		"qty": "22.30000000",
		"quoteQty": "59.96470000",
		"time": 1654164050832,
		"isBuyerMaker": false,
		"isBestMatch": true
	},
	{
		"id": 197,
		"price": "2.68800000",
		"qty": "17.10000000",
		"quoteQty": "45.96480000",
		"time": 1654164054051,
		"isBuyerMaker": true,
		"isBestMatch": true
	},
	{
		"id": 198,
		"price": "2.68800000",
		"qty": "46.70000000",
		"quoteQty": "125.52960000",
		"time": 1654164054051,
		"isBuyerMaker": true,
		"isBestMatch": true
	},
	{
		"id": 199,
		"price": "2.68700000",
		"qty": "17.20000000",
		"quoteQty": "46.21640000",
		"time": 1654164056601,
		"isBuyerMaker": false,
		"isBestMatch": true
	},
	{
		"id": 200,
		"price": "2.68700000",
		"qty": "5.30000000",
		"quoteQty": "14.24110000",
		"time": 1654164057103,
		"isBuyerMaker": false,
		"isBestMatch": true
	},
	{
		"id": 201,
		"price": "2.68600000",
		"qty": "30.00000000",
		"quoteQty": "80.58000000",
		"time": 1654164058802,
		"isBuyerMaker": true,
		"isBestMatch": true
	},
	{
		"id": 202,
		"price": "2.68600000",
		"qty": "131.40000000",
		"quoteQty": "352.94040000",
		"time": 1654164059480,
		"isBuyerMaker": true,
		"isBestMatch": true
	},
	{
		"id": 203,
		"price": "2.68600000",
		"qty": "33.70000000",
		"quoteQty": "90.51820000",
		"time": 1654164059692,
		"isBuyerMaker": true,
		"isBestMatch": true
	},
	{
		"id": 204,
		"price": "2.68400000",
		"qty": "19.80000000",
		"quoteQty": "53.14320000",
		"time": 1654164059762,
		"isBuyerMaker": true,
		"isBestMatch": true
	},
	{
		"id": 205,
		"price": "2.68000000",
		"qty": "6.70000000",
		"quoteQty": "17.95600000",
		"time": 1654164059832,
		"isBuyerMaker": true,
		"isBestMatch": true
	},
	{
		"id": 206,
		"price": "2.68600000",
		"qty": "11.10000000",
		"quoteQty": "29.81460000",
		"time": 1654164060914,
		"isBuyerMaker": false,
		"isBestMatch": true
	},
	{
		"id": 207,
		"price": "2.68000000",
		"qty": "17.70000000",
		"quoteQty": "47.43600000",
		"time": 1654164062881,
		"isBuyerMaker": true,
		"isBestMatch": true
	},
	{
		"id": 208,
		"price": "2.67600000",
		"qty": "4.00000000",
		"quoteQty": "10.70400000",
		"time": 1654164063747,
		"isBuyerMaker": true,
		"isBestMatch": true
	},
	{
		"id": 209,
		"price": "2.67300000",
		"qty": "47.20000000",
		"quoteQty": "126.16560000",
		"time": 1654164065366,
		"isBuyerMaker": true,
		"isBestMatch": true
	},
	{
		"id": 210,
		"price": "2.67200000",
		"qty": "236.30000000",
		"quoteQty": "631.39360000",
		"time": 1654164065366,
		"isBuyerMaker": true,
		"isBestMatch": true
	},
	{
		"id": 211,
		"price": "2.67100000",
		"qty": "105.50000000",
		"quoteQty": "281.79050000",
		"time": 1654164065378,
		"isBuyerMaker": false,
		"isBestMatch": true
	},
	{
		"id": 212,
		"price": "2.67100000",
		"qty": "5.70000000",
		"quoteQty": "15.22470000",
		"time": 1654164065433,
		"isBuyerMaker": false,
		"isBestMatch": true
	},
	{
		"id": 213,
		"price": "2.67600000",
		"qty": "59.90000000",
		"quoteQty": "160.29240000",
		"time": 1654164065881,
		"isBuyerMaker": false,
		"isBestMatch": true
	},
	{
		"id": 214,
		"price": "2.66600000",
		"qty": "178.90000000",
		"quoteQty": "476.94740000",
		"time": 1654164066064,
		"isBuyerMaker": true,
		"isBestMatch": true
	},
	{
		"id": 215,
		"price": "2.67600000",
		"qty": "24.90000000",
		"quoteQty": "66.63240000",
		"time": 1654164066410,
		"isBuyerMaker": false,
		"isBestMatch": true
	},
	{
		"id": 216,
		"price": "2.66600000",
		"qty": "49.40000000",
		"quoteQty": "131.70040000",
		"time": 1654164066461,
		"isBuyerMaker": true,
		"isBestMatch": true
	},
	{
		"id": 217,
		"price": "2.66400000",
		"qty": "136.60000000",
		"quoteQty": "363.90240000",
		"time": 1654164066461,
		"isBuyerMaker": true,
		"isBestMatch": true
	},
	{
		"id": 218,
		"price": "2.67500000",
		"qty": "37.30000000",
		"quoteQty": "99.77750000",
		"time": 1654164067516,
		"isBuyerMaker": false,
		"isBestMatch": true
	},
	{
		"id": 219,
		"price": "2.67500000",
		"qty": "9.30000000",
		"quoteQty": "24.87750000",
		"time": 1654164067658,
		"isBuyerMaker": false,
		"isBestMatch": true
	},
	{
		"id": 220,
		"price": "2.66500000",
		"qty": "46.70000000",
		"quoteQty": "124.45550000",
		"time": 1654164068781,
		"isBuyerMaker": true,
		"isBestMatch": true
	},
	{
		"id": 221,
		"price": "2.66500000",
		"qty": "69.70000000",
		"quoteQty": "185.75050000",
		"time": 1654164070722,
		"isBuyerMaker": true,
		"isBestMatch": true
	},
	{
		"id": 222,
		"price": "2.67500000",
		"qty": "21.20000000",
		"quoteQty": "56.71000000",
		"time": 1654164071551,
		"isBuyerMaker": false,
		"isBestMatch": true
	},
	{
		"id": 223,
		"price": "2.66600000",
		"qty": "18.70000000",
		"quoteQty": "49.85420000",
		"time": 1654164072618,
		"isBuyerMaker": true,
		"isBestMatch": true
	},
	{
		"id": 224,
		"price": "2.66500000",
		"qty": "232.80000000",
		"quoteQty": "620.41200000",
		"time": 1654164072618,
		"isBuyerMaker": true,
		"isBestMatch": true
	},
	{
		"id": 225,
		"price": "2.66500000",
		"qty": "28.10000000",
		"quoteQty": "74.88650000",
		"time": 1654164073113,
		"isBuyerMaker": true,
		"isBestMatch": true
	},
	{
		"id": 226,
		"price": "2.66500000",
		"qty": "14.50000000",
		"quoteQty": "38.64250000",
		"time": 1654164073114,
		"isBuyerMaker": true,
		"isBestMatch": true
	},
	{
		"id": 227,
		"price": "2.65000000",
		"qty": "42.60000000",
		"quoteQty": "112.89000000",
		"time": 1654164073504,
		"isBuyerMaker": true,
		"isBestMatch": true
	},
	{
		"id": 228,
		"price": "2.65000000",
		"qty": "29.00000000",
		"quoteQty": "76.85000000",
		"time": 1654164073523,
		"isBuyerMaker": true,
		"isBestMatch": true
	},
	{
		"id": 229,
		"price": "2.65000000",
		"qty": "18.60000000",
		"quoteQty": "49.29000000",
		"time": 1654164075838,
		"isBuyerMaker": true,
		"isBestMatch": true
	},
	{
		"id": 230,
		"price": "2.65600000",
		"qty": "155.50000000",
		"quoteQty": "413.00800000",
		"time": 1654164076048,
		"isBuyerMaker": false,
		"isBestMatch": true
	},
	{
		"id": 231,
		"price": "2.65600000",
		"qty": "151.90000000",
		"quoteQty": "403.44640000",
		"time": 1654164076048,
		"isBuyerMaker": false,
		"isBestMatch": true
	},
	{
		"id": 232,
		"price": "2.65600000",
		"qty": "32.80000000",
		"quoteQty": "87.11680000",
		"time": 1654164076048,
		"isBuyerMaker": false,
		"isBestMatch": true
	},
	{
		"id": 233,
		"price": "2.65600000",
		"qty": "238.80000000",
		"quoteQty": "634.25280000",
		"time": 1654164076048,
		"isBuyerMaker": false,
		"isBestMatch": true
	},
	{
		"id": 234,
		"price": "2.65600000",
		"qty": "131.90000000",
		"quoteQty": "350.32640000",
		"time": 1654164076048,
		"isBuyerMaker": false,
		"isBestMatch": true
	},
	{
		"id": 235,
		"price": "2.65000000",
		"qty": "77.40000000",
		"quoteQty": "205.11000000",
		"time": 1654164076058,
		"isBuyerMaker": true,
		"isBestMatch": true
	},
	{
		"id": 236,
		"price": "2.65000000",
		"qty": "87.70000000",
		"quoteQty": "232.40500000",
		"time": 1654164076369,
		"isBuyerMaker": true,
		"isBestMatch": true
	},
	{
		"id": 237,
		"price": "2.65000000",
		"qty": "160.60000000",
		"quoteQty": "425.59000000",
		"time": 1654164076470,
		"isBuyerMaker": true,
		"isBestMatch": true
	},
	{
		"id": 238,
		"price": "2.65000000",
		"qty": "28.20000000",
		"quoteQty": "74.73000000",
		"time": 1654164076544,
		"isBuyerMaker": true,
		"isBestMatch": true
	},
	{
		"id": 239,
		"price": "2.65000000",
		"qty": "15.00000000",
		"quoteQty": "39.75000000",
		"time": 1654164076675,
		"isBuyerMaker": true,
		"isBestMatch": true
	},
	{
		"id": 240,
		"price": "2.65000000",
		"qty": "5.00000000",
		"quoteQty": "13.25000000",
		"time": 1654164078129,
		"isBuyerMaker": true,
		"isBestMatch": true
	},
	{
		"id": 241,
		"price": "2.65000000",
		"qty": "10.70000000",
		"quoteQty": "28.35500000",
		"time": 1654164078552,
		"isBuyerMaker": true,
		"isBestMatch": true
	},
	{
		"id": 242,
		"price": "2.65000000",
		"qty": "3.70000000",
		"quoteQty": "9.80500000",
		"time": 1654164080609,
		"isBuyerMaker": true,
		"isBestMatch": true
	},
	{
		"id": 243,
		"price": "2.65000000",
		"qty": "9.70000000",
		"quoteQty": "25.70500000",
		"time": 1654164081733,
		"isBuyerMaker": true,
		"isBestMatch": true
	},
	{
		"id": 244,
		"price": "2.65000000",
		"qty": "160.30000000",
		"quoteQty": "424.79500000",
		"time": 1654164082359,
		"isBuyerMaker": true,
		"isBestMatch": true
	},
	{
		"id": 245,
		"price": "2.65000000",
		"qty": "75.40000000",
		"quoteQty": "199.81000000",
		"time": 1654164084290,
		"isBuyerMaker": true,
		"isBestMatch": true
	},
	{
		"id": 246,
		"price": "2.65000000",
		"qty": "13.20000000",
		"quoteQty": "34.98000000",
		"time": 1654164084376,
		"isBuyerMaker": true,
		"isBestMatch": true
	},
	{
		"id": 247,
		"price": "2.65000000",
		"qty": "10.90000000",
		"quoteQty": "28.88500000",
		"time": 1654164084857,
		"isBuyerMaker": true,
		"isBestMatch": true
	},
	{
		"id": 248,
		"price": "2.65000000",
		"qty": "4.30000000",
		"quoteQty": "11.39500000",
		"time": 1654164084990,
		"isBuyerMaker": true,
		"isBestMatch": true
	},
	{
		"id": 249,
		"price": "2.65000000",
		"qty": "4.30000000",
		"quoteQty": "11.39500000",
		"time": 1654164085517,
		"isBuyerMaker": true,
		"isBestMatch": true
	},
	{
		"id": 250,
		"price": "2.65000000",
		"qty": "4.30000000",
		"quoteQty": "11.39500000",
		"time": 1654164085655,
		"isBuyerMaker": true,
		"isBestMatch": true
	},
	{
		"id": 251,
		"price": "2.65000000",
		"qty": "4.30000000",
		"quoteQty": "11.39500000",
		"time": 1654164086845,
		"isBuyerMaker": true,
		"isBestMatch": true
	},
	{
		"id": 252,
		"price": "2.65000000",
		"qty": "4.30000000",
		"quoteQty": "11.39500000",
		"time": 1654164086989,
		"isBuyerMaker": true,
		"isBestMatch": true
	},
	{
		"id": 253,
		"price": "2.65500000",
		"qty": "18.70000000",
		"quoteQty": "49.64850000",
		"time": 1654164087494,
		"isBuyerMaker": false,
		"isBestMatch": true
	},
	{
		"id": 254,
		"price": "2.65600000",
		"qty": "18.40000000",
		"quoteQty": "48.87040000",
		"time": 1654164087494,
		"isBuyerMaker": false,
		"isBestMatch": true
	},
	{
		"id": 255,
		"price": "2.65000000",
		"qty": "5.60000000",
		"quoteQty": "14.84000000",
		"time": 1654164088203,
		"isBuyerMaker": true,
		"isBestMatch": true
	},
	{
		"id": 256,
		"price": "2.65000000",
		"qty": "4.30000000",
		"quoteQty": "11.39500000",
		"time": 1654164088280,
		"isBuyerMaker": true,
		"isBestMatch": true
	},
	{
		"id": 257,
		"price": "2.65000000",
		"qty": "4.30000000",
		"quoteQty": "11.39500000",
		"time": 1654164088408,
		"isBuyerMaker": true,
		"isBestMatch": true
	},
	{
		"id": 258,
		"price": "2.65000000",
		"qty": "109.20000000",
		"quoteQty": "289.38000000",
		"time": 1654164088930,
		"isBuyerMaker": true,
		"isBestMatch": true
	},
	{
		"id": 259,
		"price": "2.65000000",
		"qty": "4.20000000",
		"quoteQty": "11.13000000",
		"time": 1654164088974,
		"isBuyerMaker": true,
		"isBestMatch": true
	},
	{
		"id": 260,
		"price": "2.65000000",
		"qty": "112.10000000",
		"quoteQty": "297.06500000",
		"time": 1654164090032,
		"isBuyerMaker": true,
		"isBestMatch": true
	},
	{
		"id": 261,
		"price": "2.65000000",
		"qty": "7.70000000",
		"quoteQty": "20.40500000",
		"time": 1654164090032,
		"isBuyerMaker": true,
		"isBestMatch": true
	},
	{
		"id": 262,
		"price": "2.65000000",
		"qty": "113.20000000",
		"quoteQty": "299.98000000",
		"time": 1654164090032,
		"isBuyerMaker": true,
		"isBestMatch": true
	},
	{
		"id": 263,
		"price": "2.64900000",
		"qty": "8.30000000",
		"quoteQty": "21.98670000",
		"time": 1654164093778,
		"isBuyerMaker": false,
		"isBestMatch": true
	},
	{
		"id": 264,
		"price": "2.63100000",
		"qty": "65.00000000",
		"quoteQty": "171.01500000",
		"time": 1654164096126,
		"isBuyerMaker": true,
		"isBestMatch": true
	},
	{
		"id": 265,
		"price": "2.63100000",
		"qty": "16.40000000",
		"quoteQty": "43.14840000",
		"time": 1654164096464,
		"isBuyerMaker": true,
		"isBestMatch": true
	},
	{
		"id": 266,
		"price": "2.64900000",
		"qty": "28.60000000",
		"quoteQty": "75.76140000",
		"time": 1654164097438,
		"isBuyerMaker": false,
		"isBestMatch": true
	},
	{
		"id": 267,
		"price": "2.63200000",
		"qty": "18.90000000",
		"quoteQty": "49.74480000",
		"time": 1654164100160,
		"isBuyerMaker": true,
		"isBestMatch": true
	},
	{
		"id": 268,
		"price": "2.63100000",
		"qty": "49.90000000",
		"quoteQty": "131.28690000",
		"time": 1654164100160,
		"isBuyerMaker": true,
		"isBestMatch": true
	},
	{
		"id": 269,
		"price": "2.64900000",
		"qty": "67.10000000",
		"quoteQty": "177.74790000",
		"time": 1654164101634,
		"isBuyerMaker": false,
		"isBestMatch": true
	},
	{
		"id": 270,
		"price": "2.63100000",
		"qty": "31.20000000",
		"quoteQty": "82.08720000",
		"time": 1654164101845,
		"isBuyerMaker": true,
		"isBestMatch": true
	},
	{
		"id": 271,
		"price": "2.64900000",
		"qty": "21.50000000",
		"quoteQty": "56.95350000",
		"time": 1654164101857,
		"isBuyerMaker": false,
		"isBestMatch": true
	},
	{
		"id": 272,
		"price": "2.64900000",
		"qty": "40.40000000",
		"quoteQty": "107.01960000",
		"time": 1654164101937,
		"isBuyerMaker": false,
		"isBestMatch": true
	},
	{
		"id": 273,
		"price": "2.64900000",
		"qty": "30.10000000",
		"quoteQty": "79.73490000",
		"time": 1654164101937,
		"isBuyerMaker": false,
		"isBestMatch": true
	},
	{
		"id": 274,
		"price": "2.64900000",
		"qty": "18.90000000",
		"quoteQty": "50.06610000",
		"time": 1654164101937,
		"isBuyerMaker": false,
		"isBestMatch": true
	},
	{
		"id": 275,
		"price": "2.64900000",
		"qty": "134.40000000",
		"quoteQty": "356.02560000",
		"time": 1654164101937,
		"isBuyerMaker": false,
		"isBestMatch": true
	},
	{
		"id": 276,
		"price": "2.65000000",
		"qty": "72.20000000",
		"quoteQty": "191.33000000",
		"time": 1654164101937,
		"isBuyerMaker": false,
		"isBestMatch": true
	},
	{
		"id": 277,
		"price": "2.64800000",
		"qty": "5.00000000",
		"quoteQty": "13.24000000",
		"time": 1654164112249,
		"isBuyerMaker": false,
		"isBestMatch": true
	},
	{
		"id": 278,
		"price": "2.64800000",
		"qty": "11.20000000",
		"quoteQty": "29.65760000",
		"time": 1654164115886,
		"isBuyerMaker": false,
		"isBestMatch": true
	},
	{
		"id": 279,
		"price": "2.64800000",
		"qty": "16.30000000",
		"quoteQty": "43.16240000",
		"time": 1654164119483,
		"isBuyerMaker": false,
		"isBestMatch": true
	},
	{
		"id": 280,
		"price": "2.64800000",
		"qty": "6.70000000",
		"quoteQty": "17.74160000",
		"time": 1654164121220,
		"isBuyerMaker": false,
		"isBestMatch": true
	},
	{
		"id": 281,
		"price": "2.64800000",
		"qty": "6.70000000",
		"quoteQty": "17.74160000",
		"time": 1654164126557,
		"isBuyerMaker": false,
		"isBestMatch": true
	},
	{
		"id": 282,
		"price": "2.64600000",
		"qty": "46.90000000",
		"quoteQty": "124.09740000",
		"time": 1654164135812,
		"isBuyerMaker": false,
		"isBestMatch": true
	},
	{
		"id": 283,
		"price": "2.64600000",
		"qty": "6.40000000",
		"quoteQty": "16.93440000",
		"time": 1654164137927,
		"isBuyerMaker": false,
		"isBestMatch": true
	},
	{
		"id": 284,
		"price": "2.64600000",
		"qty": "56.60000000",
		"quoteQty": "149.76360000",
		"time": 1654164138718,
		"isBuyerMaker": false,
		"isBestMatch": true
	},
	{
		"id": 285,
		"price": "2.64600000",
		"qty": "52.60000000",
		"quoteQty": "139.17960000",
		"time": 1654164138825,
		"isBuyerMaker": false,
		"isBestMatch": true
	},
	{
		"id": 286,
		"price": "2.64600000",
		"qty": "106.10000000",
		"quoteQty": "280.74060000",
		"time": 1654164138825,
		"isBuyerMaker": false,
		"isBestMatch": true
	},
	{
		"id": 287,
		"price": "2.64600000",
		"qty": "18.80000000",
		"quoteQty": "49.74480000",
		"time": 1654164141986,
		"isBuyerMaker": false,
		"isBestMatch": true
	},
	{
		"id": 288,
		"price": "2.64600000",
		"qty": "300.40000000",
		"quoteQty": "794.85840000",
		"time": 1654164143259,
		"isBuyerMaker": false,
		"isBestMatch": true
	},
	{
		"id": 289,
		"price": "2.64600000",
		"qty": "7.70000000",
		"quoteQty": "20.37420000",
		"time": 1654164145249,
		"isBuyerMaker": false,
		"isBestMatch": true
	},
	{
		"id": 290,
		"price": "2.64600000",
		"qty": "1.40000000",
		"quoteQty": "3.70440000",
		"time": 1654164145249,
		"isBuyerMaker": false,
		"isBestMatch": true
	},
	{
		"id": 291,
		"price": "2.64000000",
		"qty": "3.80000000",
		"quoteQty": "10.03200000",
		"time": 1654164146111,
		"isBuyerMaker": true,
		"isBestMatch": true
	},
	{
		"id": 292,
		"price": "2.63100000",
		"qty": "98.00000000",
		"quoteQty": "257.83800000",
		"time": 1654164154706,
		"isBuyerMaker": true,
		"isBestMatch": true
	},
	{
		"id": 293,
		"price": "2.63100000",
		"qty": "17.20000000",
		"quoteQty": "45.25320000",
		"time": 1654164158143,
		"isBuyerMaker": true,
		"isBestMatch": true
	},
	{
		"id": 294,
		"price": "2.63100000",
		"qty": "46.90000000",
		"quoteQty": "123.39390000",
		"time": 1654164158983,
		"isBuyerMaker": true,
		"isBestMatch": true
	},
	{
		"id": 295,
		"price": "2.63100000",
		"qty": "33.90000000",
		"quoteQty": "89.19090000",
		"time": 1654164159243,
		"isBuyerMaker": true,
		"isBestMatch": true
	},
	{
		"id": 296,
		"price": "2.63000000",
		"qty": "21.80000000",
		"quoteQty": "57.33400000",
		"time": 1654164159255,
		"isBuyerMaker": true,
		"isBestMatch": true
	},
	{
		"id": 297,
		"price": "2.63100000",
		"qty": "84.00000000",
		"quoteQty": "221.00400000",
		"time": 1654164159255,
		"isBuyerMaker": false,
		"isBestMatch": true
	},
	{
		"id": 298,
		"price": "2.63100000",
		"qty": "35.80000000",
		"quoteQty": "94.18980000",
		"time": 1654164159343,
		"isBuyerMaker": false,
		"isBestMatch": true
	},
	{
		"id": 299,
		"price": "2.63200000",
		"qty": "18.90000000",
		"quoteQty": "49.74480000",
		"time": 1654164161628,
		"isBuyerMaker": true,
		"isBestMatch": true
	},
	{
		"id": 300,
		"price": "2.63100000",
		"qty": "16.90000000",
		"quoteQty": "44.46390000",
		"time": 1654164161628,
		"isBuyerMaker": true,
		"isBestMatch": true
	},
	{
		"id": 301,
		"price": "2.63100000",
		"qty": "10.60000000",
		"quoteQty": "27.88860000",
		"time": 1654164163952,
		"isBuyerMaker": true,
		"isBestMatch": true
	},
	{
		"id": 302,
		"price": "2.63100000",
		"qty": "203.90000000",
		"quoteQty": "536.46090000",
		"time": 1654164164957,
		"isBuyerMaker": true,
		"isBestMatch": true
	},
	{
		"id": 303,
		"price": "2.63100000",
		"qty": "176.80000000",
		"quoteQty": "465.16080000",
		"time": 1654164164957,
		"isBuyerMaker": true,
		"isBestMatch": true
	},
	{
		"id": 304,
		"price": "2.63100000",
		"qty": "52.80000000",
		"quoteQty": "138.91680000",
		"time": 1654164165616,
		"isBuyerMaker": true,
		"isBestMatch": true
	},
	{
		"id": 305,
		"price": "2.63100000",
		"qty": "228.50000000",
		"quoteQty": "601.18350000",
		"time": 1654164165616,
		"isBuyerMaker": true,
		"isBestMatch": true
	},
	{
		"id": 306,
		"price": "2.63100000",
		"qty": "224.10000000",
		"quoteQty": "589.60710000",
		"time": 1654164165616,
		"isBuyerMaker": true,
		"isBestMatch": true
	},
	{
		"id": 307,
		"price": "2.63100000",
		"qty": "251.90000000",
		"quoteQty": "662.74890000",
		"time": 1654164165616,
		"isBuyerMaker": true,
		"isBestMatch": true
	},
	{
		"id": 308,
		"price": "2.63100000",
		"qty": "232.40000000",
		"quoteQty": "611.44440000",
		"time": 1654164165616,
		"isBuyerMaker": true,
		"isBestMatch": true
	},
	{
		"id": 309,
		"price": "2.63000000",
		"qty": "47.20000000",
		"quoteQty": "124.13600000",
		"time": 1654164165616,
		"isBuyerMaker": true,
		"isBestMatch": true
	},
	{
		"id": 310,
		"price": "2.62600000",
		"qty": "420.50000000",
		"quoteQty": "1104.23300000",
		"time": 1654164165616,
		"isBuyerMaker": true,
		"isBestMatch": true
	},
	{
		"id": 311,
		"price": "2.61400000",
		"qty": "36.30000000",
		"quoteQty": "94.88820000",
		"time": 1654164165616,
		"isBuyerMaker": true,
		"isBestMatch": true
	},
	{
		"id": 312,
		"price": "2.62600000",
		"qty": "6.30000000",
		"quoteQty": "16.54380000",
		"time": 1654164177349,
		"isBuyerMaker": true,
		"isBestMatch": true
	},
	{
		"id": 313,
		"price": "2.63200000",
		"qty": "18.90000000",
		"quoteQty": "49.74480000",
		"time": 1654164180330,
		"isBuyerMaker": false,
		"isBestMatch": true
	},
	{
		"id": 314,
		"price": "2.63300000",
		"qty": "10.00000000",
		"quoteQty": "26.33000000",
		"time": 1654164180486,
		"isBuyerMaker": false,
		"isBestMatch": true
	},
	{
		"id": 315,
		"price": "2.62600000",
		"qty": "4.40000000",
		"quoteQty": "11.55440000",
		"time": 1654164182784,
		"isBuyerMaker": true,
		"isBestMatch": true
	},
	{
		"id": 316,
		"price": "2.62600000",
		"qty": "17.30000000",
		"quoteQty": "45.42980000",
		"time": 1654164183573,
		"isBuyerMaker": true,
		"isBestMatch": true
	},
	{
		"id": 317,
		"price": "2.62000000",
		"qty": "5.30000000",
		"quoteQty": "13.88600000",
		"time": 1654164183573,
		"isBuyerMaker": true,
		"isBestMatch": true
	},
	{
		"id": 318,
		"price": "2.63400000",
		"qty": "15.30000000",
		"quoteQty": "40.30020000",
		"time": 1654164183951,
		"isBuyerMaker": false,
		"isBestMatch": true
	},
	{
		"id": 319,
		"price": "2.62600000",
		"qty": "45.30000000",
		"quoteQty": "118.95780000",
		"time": 1654164184051,
		"isBuyerMaker": false,
		"isBestMatch": true
	},
	{
		"id": 320,
		"price": "2.62600000",
		"qty": "161.70000000",
		"quoteQty": "424.62420000",
		"time": 1654164184115,
		"isBuyerMaker": false,
		"isBestMatch": true
	},
	{
		"id": 321,
		"price": "2.62600000",
		"qty": "24.70000000",
		"quoteQty": "64.86220000",
		"time": 1654164184174,
		"isBuyerMaker": false,
		"isBestMatch": true
	},
	{
		"id": 322,
		"price": "2.63300000",
		"qty": "38.60000000",
		"quoteQty": "101.63380000",
		"time": 1654164186252,
		"isBuyerMaker": false,
		"isBestMatch": true
	},
	{
		"id": 323,
		"price": "2.62400000",
		"qty": "13.70000000",
		"quoteQty": "35.94880000",
		"time": 1654164187706,
		"isBuyerMaker": true,
		"isBestMatch": true
	},
	{
		"id": 324,
		"price": "2.62300000",
		"qty": "0.30000000",
		"quoteQty": "0.78690000",
		"time": 1654164187706,
		"isBuyerMaker": true,
		"isBestMatch": true
	},
	{
		"id": 325,
		"price": "2.63300000",
		"qty": "19.00000000",
		"quoteQty": "50.02700000",
		"time": 1654164191799,
		"isBuyerMaker": false,
		"isBestMatch": true
	},
	{
		"id": 326,
		"price": "2.63400000",
		"qty": "94.40000000",
		"quoteQty": "248.64960000",
		"time": 1654164191799,
		"isBuyerMaker": false,
		"isBestMatch": true
	},
	{
		"id": 327,
		"price": "2.63500000",
		"qty": "37.60000000",
		"quoteQty": "99.07600000",
		"time": 1654164195048,
		"isBuyerMaker": false,
		"isBestMatch": true
	},
	{
		"id": 328,
		"price": "2.63500000",
		"qty": "13.60000000",
		"quoteQty": "35.83600000",
		"time": 1654164195096,
		"isBuyerMaker": false,
		"isBestMatch": true
	},
	{
		"id": 329,
		"price": "2.63500000",
		"qty": "14.40000000",
		"quoteQty": "37.94400000",
		"time": 1654164195096,
		"isBuyerMaker": false,
		"isBestMatch": true
	},
	{
		"id": 330,
		"price": "2.63500000",
		"qty": "3.90000000",
		"quoteQty": "10.27650000",
		"time": 1654164195099,
		"isBuyerMaker": false,
		"isBestMatch": true
	},
	{
		"id": 331,
		"price": "2.65000000",
		"qty": "27.80000000",
		"quoteQty": "73.67000000",
		"time": 1654164195116,
		"isBuyerMaker": true,
		"isBestMatch": true
	},
	{
		"id": 332,
		"price": "2.65000000",
		"qty": "31.70000000",
		"quoteQty": "84.00500000",
		"time": 1654164195116,
		"isBuyerMaker": true,
		"isBestMatch": true
	},
	{
		"id": 333,
		"price": "2.64000000",
		"qty": "3.90000000",
		"quoteQty": "10.29600000",
		"time": 1654164197398,
		"isBuyerMaker": false,
		"isBestMatch": true
	},
	{
		"id": 334,
		"price": "2.66100000",
		"qty": "41.70000000",
		"quoteQty": "110.96370000",
		"time": 1654164203258,
		"isBuyerMaker": false,
		"isBestMatch": true
	},
	{
		"id": 335,
		"price": "2.65700000",
		"qty": "13.80000000",
		"quoteQty": "36.66660000",
		"time": 1654164216031,
		"isBuyerMaker": false,
		"isBestMatch": true
	},
	{
		"id": 336,
		"price": "2.64000000",
		"qty": "46.80000000",
		"quoteQty": "123.55200000",
		"time": 1654164216448,
		"isBuyerMaker": true,
		"isBestMatch": true
	},
	{
		"id": 337,
		"price": "2.63600000",
		"qty": "18.80000000",
		"quoteQty": "49.55680000",
		"time": 1654164216448,
		"isBuyerMaker": true,
		"isBestMatch": true
	},
	{
		"id": 338,
		"price": "2.63200000",
		"qty": "115.90000000",
		"quoteQty": "305.04880000",
		"time": 1654164216448,
		"isBuyerMaker": true,
		"isBestMatch": true
	},
	{
		"id": 339,
		"price": "2.64000000",
		"qty": "3.90000000",
		"quoteQty": "10.29600000",
		"time": 1654164220700,
		"isBuyerMaker": false,
		"isBestMatch": true
	},
	{
		"id": 340,
		"price": "2.62700000",
		"qty": "10.70000000",
		"quoteQty": "28.10890000",
		"time": 1654164220812,
		"isBuyerMaker": true,
		"isBestMatch": true
	},
	{
		"id": 341,
		"price": "2.64000000",
		"qty": "14.90000000",
		"quoteQty": "39.33600000",
		"time": 1654164220827,
		"isBuyerMaker": false,
		"isBestMatch": true
	},
	{
		"id": 342,
		"price": "2.65600000",
		"qty": "17.20000000",
		"quoteQty": "45.68320000",
		"time": 1654164225199,
		"isBuyerMaker": false,
		"isBestMatch": true
	},
	{
		"id": 343,
		"price": "2.65600000",
		"qty": "13.50000000",
		"quoteQty": "35.85600000",
		"time": 1654164240219,
		"isBuyerMaker": true,
		"isBestMatch": true
	},
	{
		"id": 344,
		"price": "2.64800000",
		"qty": "22.20000000",
		"quoteQty": "58.78560000",
		"time": 1654164250950,
		"isBuyerMaker": true,
		"isBestMatch": true
	},
	{
		"id": 345,
		"price": "2.65800000",
		"qty": "217.00000000",
		"quoteQty": "576.78600000",
		"time": 1654164252620,
		"isBuyerMaker": false,
		"isBestMatch": true
	},
	{
		"id": 346,
		"price": "2.64800000",
		"qty": "22.60000000",
		"quoteQty": "59.84480000",
		"time": 1654164254868,
		"isBuyerMaker": true,
		"isBestMatch": true
	},
	{
		"id": 347,
		"price": "2.64800000",
		"qty": "51.00000000",
		"quoteQty": "135.04800000",
		"time": 1654164255441,
		"isBuyerMaker": true,
		"isBestMatch": true
	},
	{
		"id": 348,
		"price": "2.64800000",
		"qty": "114.00000000",
		"quoteQty": "301.87200000",
		"time": 1654164256447,
		"isBuyerMaker": true,
		"isBestMatch": true
	},
	{
		"id": 349,
		"price": "2.65000000",
		"qty": "3.80000000",
		"quoteQty": "10.07000000",
		"time": 1654164269008,
		"isBuyerMaker": false,
		"isBestMatch": true
	},
	{
		"id": 350,
		"price": "2.65800000",
		"qty": "12.60000000",
		"quoteQty": "33.49080000",
		"time": 1654164269008,
		"isBuyerMaker": false,
		"isBestMatch": true
	},
	{
		"id": 351,
		"price": "2.65800000",
		"qty": "28.00000000",
		"quoteQty": "74.42400000",
		"time": 1654164269008,
		"isBuyerMaker": false,
		"isBestMatch": true
	},
	{
		"id": 352,
		"price": "2.65900000",
		"qty": "14.10000000",
		"quoteQty": "37.49190000",
		"time": 1654164269008,
		"isBuyerMaker": false,
		"isBestMatch": true
	},
	{
		"id": 353,
		"price": "2.64400000",
		"qty": "25.00000000",
		"quoteQty": "66.10000000",
		"time": 1654164273888,
		"isBuyerMaker": true,
		"isBestMatch": true
	},
	{
		"id": 354,
		"price": "2.65000000",
		"qty": "29.90000000",
		"quoteQty": "79.23500000",
		"time": 1654164277613,
		"isBuyerMaker": false,
		"isBestMatch": true
	},
	{
		"id": 355,
		"price": "2.65900000",
		"qty": "6.20000000",
		"quoteQty": "16.48580000",
		"time": 1654164287376,
		"isBuyerMaker": false,
		"isBestMatch": true
	},
	{
		"id": 356,
		"price": "2.65000000",
		"qty": "17.10000000",
		"quoteQty": "45.31500000",
		"time": 1654164290709,
		"isBuyerMaker": true,
		"isBestMatch": true
	},
	{
		"id": 357,
		"price": "2.65000000",
		"qty": "0.10000000",
		"quoteQty": "0.26500000",
		"time": 1654164290709,
		"isBuyerMaker": true,
		"isBestMatch": true
	},
	{
		"id": 358,
		"price": "2.65900000",
		"qty": "7.70000000",
		"quoteQty": "20.47430000",
		"time": 1654164291961,
		"isBuyerMaker": false,
		"isBestMatch": true
	},
	{
		"id": 359,
		"price": "2.65900000",
		"qty": "46.70000000",
		"quoteQty": "124.17530000",
		"time": 1654164296008,
		"isBuyerMaker": false,
		"isBestMatch": true
	},
	{
		"id": 360,
		"price": "2.65000000",
		"qty": "6.80000000",
		"quoteQty": "18.02000000",
		"time": 1654164298176,
		"isBuyerMaker": true,
		"isBestMatch": true
	},
	{
		"id": 361,
		"price": "2.65000000",
		"qty": "12.60000000",
		"quoteQty": "33.39000000",
		"time": 1654164303304,
		"isBuyerMaker": true,
		"isBestMatch": true
	},
	{
		"id": 362,
		"price": "2.65000000",
		"qty": "29.90000000",
		"quoteQty": "79.23500000",
		"time": 1654164303304,
		"isBuyerMaker": true,
		"isBestMatch": true
	},
	{
		"id": 363,
		"price": "2.65000000",
		"qty": "47.10000000",
		"quoteQty": "124.81500000",
		"time": 1654164305254,
		"isBuyerMaker": true,
		"isBestMatch": true
	},
	{
		"id": 364,
		"price": "2.65900000",
		"qty": "13.90000000",
		"quoteQty": "36.96010000",
		"time": 1654164306975,
		"isBuyerMaker": false,
		"isBestMatch": true
	},
	{
		"id": 365,
		"price": "2.64000000",
		"qty": "7.40000000",
		"quoteQty": "19.53600000",
		"time": 1654164317932,
		"isBuyerMaker": true,
		"isBestMatch": true
	},
	{
		"id": 366,
		"price": "2.64000000",
		"qty": "9.90000000",
		"quoteQty": "26.13600000",
		"time": 1654164317932,
		"isBuyerMaker": true,
		"isBestMatch": true
	},
	{
		"id": 367,
		"price": "2.63600000",
		"qty": "93.80000000",
		"quoteQty": "247.25680000",
		"time": 1654164317932,
		"isBuyerMaker": true,
		"isBestMatch": true
	},
	{
		"id": 368,
		"price": "2.63500000",
		"qty": "2.20000000",
		"quoteQty": "5.79700000",
		"time": 1654164317932,
		"isBuyerMaker": true,
		"isBestMatch": true
	},
	{
		"id": 369,
		"price": "2.65800000",
		"qty": "4.00000000",
		"quoteQty": "10.63200000",
		"time": 1654164325440,
		"isBuyerMaker": false,
		"isBestMatch": true
	},
	{
		"id": 370,
		"price": "2.65900000",
		"qty": "4.30000000",
		"quoteQty": "11.43370000",
		"time": 1654164325440,
		"isBuyerMaker": false,
		"isBestMatch": true
	},
	{
		"id": 371,
		"price": "2.65900000",
		"qty": "8.70000000",
		"quoteQty": "23.13330000",
		"time": 1654164336930,
		"isBuyerMaker": false,
		"isBestMatch": true
	},
	{
		"id": 372,
		"price": "2.66600000",
		"qty": "45.10000000",
		"quoteQty": "120.23660000",
		"time": 1654164336930,
		"isBuyerMaker": false,
		"isBestMatch": true
	},
	{
		"id": 373,
		"price": "2.66600000",
		"qty": "8.40000000",
		"quoteQty": "22.39440000",
		"time": 1654164337363,
		"isBuyerMaker": false,
		"isBestMatch": true
	},
	{
		"id": 374,
		"price": "2.65900000",
		"qty": "7.40000000",
		"quoteQty": "19.67660000",
		"time": 1654164339669,
		"isBuyerMaker": true,
		"isBestMatch": true
	},
	{
		"id": 375,
		"price": "2.65500000",
		"qty": "4.80000000",
		"quoteQty": "12.74400000",
		"time": 1654164347821,
		"isBuyerMaker": true,
		"isBestMatch": true
	},
	{
		"id": 376,
		"price": "2.65900000",
		"qty": "12.60000000",
		"quoteQty": "33.50340000",
		"time": 1654164348900,
		"isBuyerMaker": false,
		"isBestMatch": true
	},
	{
		"id": 377,
		"price": "2.65900000",
		"qty": "6.20000000",
		"quoteQty": "16.48580000",
		"time": 1654164348917,
		"isBuyerMaker": true,
		"isBestMatch": true
	},
	{
		"id": 378,
		"price": "2.66600000",
		"qty": "5.60000000",
		"quoteQty": "14.92960000",
		"time": 1654164352704,
		"isBuyerMaker": false,
		"isBestMatch": true
	},
	{
		"id": 379,
		"price": "2.65900000",
		"qty": "5.10000000",
		"quoteQty": "13.56090000",
		"time": 1654164352721,
		"isBuyerMaker": true,
		"isBestMatch": true
	},
	{
		"id": 380,
		"price": "2.64400000",
		"qty": "114.10000000",
		"quoteQty": "301.68040000",
		"time": 1654164352721,
		"isBuyerMaker": true,
		"isBestMatch": true
	},
	{
		"id": 381,
		"price": "2.64300000",
		"qty": "97.60000000",
		"quoteQty": "257.95680000",
		"time": 1654164352721,
		"isBuyerMaker": true,
		"isBestMatch": true
	},
	{
		"id": 382,
		"price": "2.64300000",
		"qty": "4.90000000",
		"quoteQty": "12.95070000",
		"time": 1654164363216,
		"isBuyerMaker": true,
		"isBestMatch": true
	},
	{
		"id": 383,
		"price": "2.64300000",
		"qty": "3.40000000",
		"quoteQty": "8.98620000",
		"time": 1654164363216,
		"isBuyerMaker": true,
		"isBestMatch": true
	},
	{
		"id": 384,
		"price": "2.65900000",
		"qty": "10.10000000",
		"quoteQty": "26.85590000",
		"time": 1654164371532,
		"isBuyerMaker": false,
		"isBestMatch": true
	},
	{
		"id": 385,
		"price": "2.64300000",
		"qty": "1.60000000",
		"quoteQty": "4.22880000",
		"time": 1654164375242,
		"isBuyerMaker": true,
		"isBestMatch": true
	},
	{
		"id": 386,
		"price": "2.64300000",
		"qty": "35.80000000",
		"quoteQty": "94.61940000",
		"time": 1654164375242,
		"isBuyerMaker": true,
		"isBestMatch": true
	},
	{
		"id": 387,
		"price": "2.64300000",
		"qty": "6.90000000",
		"quoteQty": "18.23670000",
		"time": 1654164384903,
		"isBuyerMaker": true,
		"isBestMatch": true
	},
	{
		"id": 388,
		"price": "2.64000000",
		"qty": "19.80000000",
		"quoteQty": "52.27200000",
		"time": 1654164386046,
		"isBuyerMaker": true,
		"isBestMatch": true
	},
	{
		"id": 389,
		"price": "2.64100000",
		"qty": "18.80000000",
		"quoteQty": "49.65080000",
		"time": 1654164388941,
		"isBuyerMaker": true,
		"isBestMatch": true
	},
	{
		"id": 390,
		"price": "2.64000000",
		"qty": "161.00000000",
		"quoteQty": "425.04000000",
		"time": 1654164389461,
		"isBuyerMaker": true,
		"isBestMatch": true
	},
	{
		"id": 391,
		"price": "2.64000000",
		"qty": "196.10000000",
		"quoteQty": "517.70400000",
		"time": 1654164393042,
		"isBuyerMaker": true,
		"isBestMatch": true
	},
	{
		"id": 392,
		"price": "2.65900000",
		"qty": "18.70000000",
		"quoteQty": "49.72330000",
		"time": 1654164395538,
		"isBuyerMaker": false,
		"isBestMatch": true
	},
	{
		"id": 393,
		"price": "2.64100000",
		"qty": "172.30000000",
		"quoteQty": "455.04430000",
		"time": 1654164403854,
		"isBuyerMaker": true,
		"isBestMatch": true
	},
	{
		"id": 394,
		"price": "2.64100000",
		"qty": "0.80000000",
		"quoteQty": "2.11280000",
		"time": 1654164403854,
		"isBuyerMaker": true,
		"isBestMatch": true
	},
	{
		"id": 395,
		"price": "2.64200000",
		"qty": "28.00000000",
		"quoteQty": "73.97600000",
		"time": 1654164403897,
		"isBuyerMaker": false,
		"isBestMatch": true
	},
	{
		"id": 396,
		"price": "2.64200000",
		"qty": "8.50000000",
		"quoteQty": "22.45700000",
		"time": 1654164403898,
		"isBuyerMaker": false,
		"isBestMatch": true
	},
	{
		"id": 397,
		"price": "2.65900000",
		"qty": "5.60000000",
		"quoteQty": "14.89040000",
		"time": 1654164408772,
		"isBuyerMaker": false,
		"isBestMatch": true
	},
	{
		"id": 398,
		"price": "2.66600000",
		"qty": "9.90000000",
		"quoteQty": "26.39340000",
		"time": 1654164413327,
		"isBuyerMaker": false,
		"isBestMatch": true
	},
	{
		"id": 399,
		"price": "2.66500000",
		"qty": "13.70000000",
		"quoteQty": "36.51050000",
		"time": 1654164413661,
		"isBuyerMaker": true,
		"isBestMatch": true
	},
	{
		"id": 400,
		"price": "2.68900000",
		"qty": "30.80000000",
		"quoteQty": "82.82120000",
		"time": 1654164413794,
		"isBuyerMaker": false,
		"isBestMatch": true
	},
	{
		"id": 401,
		"price": "2.69500000",
		"qty": "57.00000000",
		"quoteQty": "153.61500000",
		"time": 1654164413864,
		"isBuyerMaker": false,
		"isBestMatch": true
	},
	{
		"id": 402,
		"price": "2.69500000",
		"qty": "57.00000000",
		"quoteQty": "153.61500000",
		"time": 1654164413981,
		"isBuyerMaker": false,
		"isBestMatch": true
	},
	{
		"id": 403,
		"price": "2.69500000",
		"qty": "52.70000000",
		"quoteQty": "142.02650000",
		"time": 1654164414077,
		"isBuyerMaker": false,
		"isBestMatch": true
	},
	{
		"id": 404,
		"price": "2.69500000",
		"qty": "57.10000000",
		"quoteQty": "153.88450000",
		"time": 1654164414182,
		"isBuyerMaker": false,
		"isBestMatch": true
	},
	{
		"id": 405,
		"price": "2.69500000",
		"qty": "57.00000000",
		"quoteQty": "153.61500000",
		"time": 1654164414244,
		"isBuyerMaker": false,
		"isBestMatch": true
	},
	{
		"id": 406,
		"price": "2.69500000",
		"qty": "35.60000000",
		"quoteQty": "95.94200000",
		"time": 1654164414269,
		"isBuyerMaker": false,
		"isBestMatch": true
	},
	{
		"id": 407,
		"price": "2.69600000",
		"qty": "18.80000000",
		"quoteQty": "50.68480000",
		"time": 1654164414286,
		"isBuyerMaker": false,
		"isBestMatch": true
	},
	{
		"id": 408,
		"price": "2.69700000",
		"qty": "57.00000000",
		"quoteQty": "153.72900000",
		"time": 1654164414397,
		"isBuyerMaker": false,
		"isBestMatch": true
	},
	{
		"id": 409,
		"price": "2.69700000",
		"qty": "57.00000000",
		"quoteQty": "153.72900000",
		"time": 1654164414521,
		"isBuyerMaker": false,
		"isBestMatch": true
	},
	{
		"id": 410,
		"price": "2.69700000",
		"qty": "7.60000000",
		"quoteQty": "20.49720000",
		"time": 1654164416613,
		"isBuyerMaker": false,
		"isBestMatch": true
	},
	{
		"id": 411,
		"price": "2.69700000",
		"qty": "94.20000000",
		"quoteQty": "254.05740000",
		"time": 1654164417693,
		"isBuyerMaker": false,
		"isBestMatch": true
	},
	{
		"id": 412,
		"price": "2.69900000",
		"qty": "49.90000000",
		"quoteQty": "134.68010000",
		"time": 1654164417693,
		"isBuyerMaker": false,
		"isBestMatch": true
	},
	{
		"id": 413,
		"price": "2.70000000",
		"qty": "906.70000000",
		"quoteQty": "2448.09000000",
		"time": 1654164417693,
		"isBuyerMaker": false,
		"isBestMatch": true
	},
	{
		"id": 414,
		"price": "2.70000000",
		"qty": "111.60000000",
		"quoteQty": "301.32000000",
		"time": 1654164417761,
		"isBuyerMaker": false,
		"isBestMatch": true
	},
	{
		"id": 415,
		"price": "2.70000000",
		"qty": "33.90000000",
		"quoteQty": "91.53000000",
		"time": 1654164418290,
		"isBuyerMaker": false,
		"isBestMatch": true
	},
	{
		"id": 416,
		"price": "2.70000000",
		"qty": "56.90000000",
		"quoteQty": "153.63000000",
		"time": 1654164420065,
		"isBuyerMaker": false,
		"isBestMatch": true
	},
	{
		"id": 417,
		"price": "2.70000000",
		"qty": "56.90000000",
		"quoteQty": "153.63000000",
		"time": 1654164420204,
		"isBuyerMaker": false,
		"isBestMatch": true
	},
	{
		"id": 418,
		"price": "2.70000000",
		"qty": "56.90000000",
		"quoteQty": "153.63000000",
		"time": 1654164421030,
		"isBuyerMaker": false,
		"isBestMatch": true
	},
	{
		"id": 419,
		"price": "2.70000000",
		"qty": "56.90000000",
		"quoteQty": "153.63000000",
		"time": 1654164421168,
		"isBuyerMaker": false,
		"isBestMatch": true
	},
	{
		"id": 420,
		"price": "2.70000000",
		"qty": "56.90000000",
		"quoteQty": "153.63000000",
		"time": 1654164421197,
		"isBuyerMaker": false,
		"isBestMatch": true
	},
	{
		"id": 421,
		"price": "2.70000000",
		"qty": "56.90000000",
		"quoteQty": "153.63000000",
		"time": 1654164421280,
		"isBuyerMaker": false,
		"isBestMatch": true
	},
	{
		"id": 422,
		"price": "2.69700000",
		"qty": "27.70000000",
		"quoteQty": "74.70690000",
		"time": 1654164421413,
		"isBuyerMaker": false,
		"isBestMatch": true
	},
	{
		"id": 423,
		"price": "2.69700000",
		"qty": "27.40000000",
		"quoteQty": "73.89780000",
		"time": 1654164421573,
		"isBuyerMaker": false,
		"isBestMatch": true
	},
	{
		"id": 424,
		"price": "2.69700000",
		"qty": "4.70000000",
		"quoteQty": "12.67590000",
		"time": 1654164421666,
		"isBuyerMaker": false,
		"isBestMatch": true
	},
	{
		"id": 425,
		"price": "2.70000000",
		"qty": "56.90000000",
		"quoteQty": "153.63000000",
		"time": 1654164421695,
		"isBuyerMaker": false,
		"isBestMatch": true
	},
	{
		"id": 426,
		"price": "2.70000000",
		"qty": "56.90000000",
		"quoteQty": "153.63000000",
		"time": 1654164421713,
		"isBuyerMaker": false,
		"isBestMatch": true
	},
	{
		"id": 427,
		"price": "2.70000000",
		"qty": "18.80000000",
		"quoteQty": "50.76000000",
		"time": 1654164421837,
		"isBuyerMaker": false,
		"isBestMatch": true
	},
	{
		"id": 428,
		"price": "2.70000000",
		"qty": "56.90000000",
		"quoteQty": "153.63000000",
		"time": 1654164421887,
		"isBuyerMaker": false,
		"isBestMatch": true
	},
	{
		"id": 429,
		"price": "2.70000000",
		"qty": "56.90000000",
		"quoteQty": "153.63000000",
		"time": 1654164422099,
		"isBuyerMaker": false,
		"isBestMatch": true
	},
	{
		"id": 430,
		"price": "2.70000000",
		"qty": "56.90000000",
		"quoteQty": "153.63000000",
		"time": 1654164422217,
		"isBuyerMaker": false,
		"isBestMatch": true
	},
	{
		"id": 431,
		"price": "2.70000000",
		"qty": "165.90000000",
		"quoteQty": "447.93000000",
		"time": 1654164422219,
		"isBuyerMaker": false,
		"isBestMatch": true
	},
	{
		"id": 432,
		"price": "2.70000000",
		"qty": "60.80000000",
		"quoteQty": "164.16000000",
		"time": 1654164422219,
		"isBuyerMaker": false,
		"isBestMatch": true
	},
	{
		"id": 433,
		"price": "2.70000000",
		"qty": "4.00000000",
		"quoteQty": "10.80000000",
		"time": 1654164422369,
		"isBuyerMaker": false,
		"isBestMatch": true
	},
	{
		"id": 434,
		"price": "2.70000000",
		"qty": "56.90000000",
		"quoteQty": "153.63000000",
		"time": 1654164422495,
		"isBuyerMaker": false,
		"isBestMatch": true
	},
	{
		"id": 435,
		"price": "2.70000000",
		"qty": "4.10000000",
		"quoteQty": "11.07000000",
		"time": 1654164422552,
		"isBuyerMaker": false,
		"isBestMatch": true
	},
	{
		"id": 436,
		"price": "2.70000000",
		"qty": "56.80000000",
		"quoteQty": "153.36000000",
		"time": 1654164422733,
		"isBuyerMaker": false,
		"isBestMatch": true
	},
	{
		"id": 437,
		"price": "2.70000000",
		"qty": "35.40000000",
		"quoteQty": "95.58000000",
		"time": 1654164422866,
		"isBuyerMaker": false,
		"isBestMatch": true
	},
	{
		"id": 438,
		"price": "2.68700000",
		"qty": "84.50000000",
		"quoteQty": "227.05150000",
		"time": 1654164424085,
		"isBuyerMaker": true,
		"isBestMatch": true
	},
	{
		"id": 439,
		"price": "2.68700000",
		"qty": "63.40000000",
		"quoteQty": "170.35580000",
		"time": 1654164424085,
		"isBuyerMaker": true,
		"isBestMatch": true
	},
	{
		"id": 440,
		"price": "2.70000000",
		"qty": "31.20000000",
		"quoteQty": "84.24000000",
		"time": 1654164424285,
		"isBuyerMaker": false,
		"isBestMatch": true
	},
	{
		"id": 441,
		"price": "2.70000000",
		"qty": "79.80000000",
		"quoteQty": "215.46000000",
		"time": 1654164428186,
		"isBuyerMaker": false,
		"isBestMatch": true
	},
	{
		"id": 442,
		"price": "2.70000000",
		"qty": "1496.20000000",
		"quoteQty": "4039.74000000",
		"time": 1654164428590,
		"isBuyerMaker": false,
		"isBestMatch": true
	},
	{
		"id": 443,
		"price": "2.70000000",
		"qty": "92.20000000",
		"quoteQty": "248.94000000",
		"time": 1654164428602,
		"isBuyerMaker": false,
		"isBestMatch": true
	},
	{
		"id": 444,
		"price": "2.70000000",
		"qty": "54.40000000",
		"quoteQty": "146.88000000",
		"time": 1654164428652,
		"isBuyerMaker": false,
		"isBestMatch": true
	},
	{
		"id": 445,
		"price": "2.70000000",
		"qty": "4.60000000",
		"quoteQty": "12.42000000",
		"time": 1654164428652,
		"isBuyerMaker": false,
		"isBestMatch": true
	},
	{
		"id": 446,
		"price": "2.70000000",
		"qty": "0.40000000",
		"quoteQty": "1.08000000",
		"time": 1654164428654,
		"isBuyerMaker": false,
		"isBestMatch": true
	},
	{
		"id": 447,
		"price": "2.70600000",
		"qty": "28.50000000",
		"quoteQty": "77.12100000",
		"time": 1654164428654,
		"isBuyerMaker": false,
		"isBestMatch": true
	},
	{
		"id": 448,
		"price": "2.71600000",
		"qty": "15.60000000",
		"quoteQty": "42.36960000",
		"time": 1654164429147,
		"isBuyerMaker": true,
		"isBestMatch": true
	},
	{
		"id": 449,
		"price": "2.71600000",
		"qty": "4.80000000",
		"quoteQty": "13.03680000",
		"time": 1654164429601,
		"isBuyerMaker": true,
		"isBestMatch": true
	},
	{
		"id": 450,
		"price": "2.73000000",
		"qty": "26.00000000",
		"quoteQty": "70.98000000",
		"time": 1654164430385,
		"isBuyerMaker": false,
		"isBestMatch": true
	},
	{
		"id": 451,
		"price": "2.73000000",
		"qty": "9.90000000",
		"quoteQty": "27.02700000",
		"time": 1654164430982,
		"isBuyerMaker": false,
		"isBestMatch": true
	},
	{
		"id": 452,
		"price": "2.71600000",
		"qty": "9.70000000",
		"quoteQty": "26.34520000",
		"time": 1654164431269,
		"isBuyerMaker": true,
		"isBestMatch": true
	},
	{
		"id": 453,
		"price": "2.73000000",
		"qty": "62.60000000",
		"quoteQty": "170.89800000",
		"time": 1654164432848,
		"isBuyerMaker": false,
		"isBestMatch": true
	},
	{
		"id": 454,
		"price": "2.73000000",
		"qty": "6.30000000",
		"quoteQty": "17.19900000",
		"time": 1654164433371,
		"isBuyerMaker": false,
		"isBestMatch": true
	},
	{
		"id": 455,
		"price": "2.73000000",
		"qty": "91.20000000",
		"quoteQty": "248.97600000",
		"time": 1654164433882,
		"isBuyerMaker": false,
		"isBestMatch": true
	},
	{
		"id": 456,
		"price": "2.73000000",
		"qty": "86.20000000",
		"quoteQty": "235.32600000",
		"time": 1654164433882,
		"isBuyerMaker": false,
		"isBestMatch": true
	},
	{
		"id": 457,
		"price": "2.74900000",
		"qty": "3.60000000",
		"quoteQty": "9.89640000",
		"time": 1654164434029,
		"isBuyerMaker": false,
		"isBestMatch": true
	},
	{
		"id": 458,
		"price": "2.70500000",
		"qty": "8.20000000",
		"quoteQty": "22.18100000",
		"time": 1654164434433,
		"isBuyerMaker": true,
		"isBestMatch": true
	},
	{
		"id": 459,
		"price": "2.73000000",
		"qty": "19.00000000",
		"quoteQty": "51.87000000",
		"time": 1654164434631,
		"isBuyerMaker": true,
		"isBestMatch": true
	},
	{
		"id": 460,
		"price": "2.73000000",
		"qty": "46.90000000",
		"quoteQty": "128.03700000",
		"time": 1654164434651,
		"isBuyerMaker": true,
		"isBestMatch": true
	},
	{
		"id": 461,
		"price": "2.73000000",
		"qty": "2.60000000",
		"quoteQty": "7.09800000",
		"time": 1654164434670,
		"isBuyerMaker": true,
		"isBestMatch": true
	},
	{
		"id": 462,
		"price": "2.73200000",
		"qty": "49.30000000",
		"quoteQty": "134.68760000",
		"time": 1654164438005,
		"isBuyerMaker": false,
		"isBestMatch": true
	},
	{
		"id": 463,
		"price": "2.73200000",
		"qty": "142.20000000",
		"quoteQty": "388.49040000",
		"time": 1654164441856,
		"isBuyerMaker": false,
		"isBestMatch": true
	},
	{
		"id": 464,
		"price": "2.70000000",
		"qty": "64.10000000",
		"quoteQty": "173.07000000",
		"time": 1654164446592,
		"isBuyerMaker": true,
		"isBestMatch": true
	},
	{
		"id": 465,
		"price": "2.70000000",
		"qty": "68.70000000",
		"quoteQty": "185.49000000",
		"time": 1654164446669,
		"isBuyerMaker": true,
		"isBestMatch": true
	},
	{
		"id": 466,
		"price": "2.69900000",
		"qty": "64.10000000",
		"quoteQty": "173.00590000",
		"time": 1654164446669,
		"isBuyerMaker": true,
		"isBestMatch": true
	},
	{
		"id": 467,
		"price": "2.69900000",
		"qty": "5.90000000",
		"quoteQty": "15.92410000",
		"time": 1654164446717,
		"isBuyerMaker": true,
		"isBestMatch": true
	},
	{
		"id": 468,
		"price": "2.70000000",
		"qty": "64.10000000",
		"quoteQty": "173.07000000",
		"time": 1654164446848,
		"isBuyerMaker": true,
		"isBestMatch": true
	},
	{
		"id": 469,
		"price": "2.70000000",
		"qty": "64.10000000",
		"quoteQty": "173.07000000",
		"time": 1654164446879,
		"isBuyerMaker": true,
		"isBestMatch": true
	},
	{
		"id": 470,
		"price": "2.70000000",
		"qty": "64.10000000",
		"quoteQty": "173.07000000",
		"time": 1654164446904,
		"isBuyerMaker": true,
		"isBestMatch": true
	},
	{
		"id": 471,
		"price": "2.70000000",
		"qty": "11.40000000",
		"quoteQty": "30.78000000",
		"time": 1654164447022,
		"isBuyerMaker": true,
		"isBestMatch": true
	},
	{
		"id": 472,
		"price": "2.70000000",
		"qty": "64.10000000",
		"quoteQty": "173.07000000",
		"time": 1654164447244,
		"isBuyerMaker": true,
		"isBestMatch": true
	},
	{
		"id": 473,
		"price": "2.70000000",
		"qty": "64.00000000",
		"quoteQty": "172.80000000",
		"time": 1654164447332,
		"isBuyerMaker": true,
		"isBestMatch": true
	},
	{
		"id": 474,
		"price": "2.69900000",
		"qty": "64.00000000",
		"quoteQty": "172.73600000",
		"time": 1654164447449,
		"isBuyerMaker": true,
		"isBestMatch": true
	},
	{
		"id": 475,
		"price": "2.69900000",
		"qty": "39.60000000",
		"quoteQty": "106.88040000",
		"time": 1654164447581,
		"isBuyerMaker": true,
		"isBestMatch": true
	},
	{
		"id": 476,
		"price": "2.72800000",
		"qty": "9.90000000",
		"quoteQty": "27.00720000",
		"time": 1654164453414,
		"isBuyerMaker": false,
		"isBestMatch": true
	},
	{
		"id": 477,
		"price": "2.65900000",
		"qty": "8.30000000",
		"quoteQty": "22.06970000",
		"time": 1654164460302,
		"isBuyerMaker": true,
		"isBestMatch": true
	},
	{
		"id": 478,
		"price": "2.65700000",
		"qty": "10.90000000",
		"quoteQty": "28.96130000",
		"time": 1654164460302,
		"isBuyerMaker": true,
		"isBestMatch": true
	},
	{
		"id": 479,
		"price": "2.71800000",
		"qty": "8.00000000",
		"quoteQty": "21.74400000",
		"time": 1654164464272,
		"isBuyerMaker": false,
		"isBestMatch": true
	},
	{
		"id": 480,
		"price": "2.66400000",
		"qty": "4.10000000",
		"quoteQty": "10.92240000",
		"time": 1654164469861,
		"isBuyerMaker": true,
		"isBestMatch": true
	},
	{
		"id": 481,
		"price": "2.64400000",
		"qty": "18.70000000",
		"quoteQty": "49.44280000",
		"time": 1654164477052,
		"isBuyerMaker": true,
		"isBestMatch": true
	},
	{
		"id": 482,
		"price": "2.64300000",
		"qty": "101.30000000",
		"quoteQty": "267.73590000",
		"time": 1654164477190,
		"isBuyerMaker": true,
		"isBestMatch": true
	},
	{
		"id": 483,
		"price": "2.64300000",
		"qty": "160.80000000",
		"quoteQty": "424.99440000",
		"time": 1654164477254,
		"isBuyerMaker": true,
		"isBestMatch": true
	},
	{
		"id": 484,
		"price": "2.64300000",
		"qty": "87.60000000",
		"quoteQty": "231.52680000",
		"time": 1654164477362,
		"isBuyerMaker": true,
		"isBestMatch": true
	},
	{
		"id": 485,
		"price": "2.64300000",
		"qty": "26.60000000",
		"quoteQty": "70.30380000",
		"time": 1654164477443,
		"isBuyerMaker": true,
		"isBestMatch": true
	},
	{
		"id": 486,
		"price": "2.64000000",
		"qty": "62.50000000",
		"quoteQty": "165.00000000",
		"time": 1654164478027,
		"isBuyerMaker": true,
		"isBestMatch": true
	},
	{
		"id": 487,
		"price": "2.64000000",
		"qty": "19.40000000",
		"quoteQty": "51.21600000",
		"time": 1654164478684,
		"isBuyerMaker": true,
		"isBestMatch": true
	},
	{
		"id": 488,
		"price": "2.64000000",
		"qty": "33.80000000",
		"quoteQty": "89.23200000",
		"time": 1654164480058,
		"isBuyerMaker": true,
		"isBestMatch": true
	},
	{
		"id": 489,
		"price": "2.64000000",
		"qty": "111.50000000",
		"quoteQty": "294.36000000",
		"time": 1654164487182,
		"isBuyerMaker": true,
		"isBestMatch": true
	},
	{
		"id": 490,
		"price": "2.67500000",
		"qty": "18.70000000",
		"quoteQty": "50.02250000",
		"time": 1654164506105,
		"isBuyerMaker": false,
		"isBestMatch": true
	},
	{
		"id": 491,
		"price": "2.67600000",
		"qty": "14.80000000",
		"quoteQty": "39.60480000",
		"time": 1654164506105,
		"isBuyerMaker": false,
		"isBestMatch": true
	},
	{
		"id": 492,
		"price": "2.64400000",
		"qty": "26.30000000",
		"quoteQty": "69.53720000",
		"time": 1654164521587,
		"isBuyerMaker": true,
		"isBestMatch": true
	},
	{
		"id": 493,
		"price": "2.67500000",
		"qty": "130.60000000",
		"quoteQty": "349.35500000",
		"time": 1654164524180,
		"isBuyerMaker": false,
		"isBestMatch": true
	},
	{
		"id": 494,
		"price": "2.67500000",
		"qty": "42.30000000",
		"quoteQty": "113.15250000",
		"time": 1654164524606,
		"isBuyerMaker": false,
		"isBestMatch": true
	},
	{
		"id": 495,
		"price": "2.67500000",
		"qty": "11.50000000",
		"quoteQty": "30.76250000",
		"time": 1654164535671,
		"isBuyerMaker": false,
		"isBestMatch": true
	},
	{
		"id": 496,
		"price": "2.64600000",
		"qty": "33.30000000",
		"quoteQty": "88.11180000",
		"time": 1654164536379,
		"isBuyerMaker": true,
		"isBestMatch": true
	},
	{
		"id": 497,
		"price": "2.66900000",
		"qty": "33.00000000",
		"quoteQty": "88.07700000",
		"time": 1654164547074,
		"isBuyerMaker": false,
		"isBestMatch": true
	},
	{
		"id": 498,
		"price": "2.64600000",
		"qty": "11.10000000",
		"quoteQty": "29.37060000",
		"time": 1654164547622,
		"isBuyerMaker": true,
		"isBestMatch": true
	},
	{
		"id": 499,
		"price": "2.64600000",
		"qty": "3.60000000",
		"quoteQty": "9.52560000",
		"time": 1654164549490,
		"isBuyerMaker": true,
		"isBestMatch": true
	},
	{
		"id": 500,
		"price": "2.64600000",
		"qty": "22.30000000",
		"quoteQty": "59.00580000",
		"time": 1654164549490,
		"isBuyerMaker": true,
		"isBestMatch": true
	},
	{
		"id": 501,
		"price": "2.64600000",
		"qty": "15.40000000",
		"quoteQty": "40.74840000",
		"time": 1654164561564,
		"isBuyerMaker": true,
		"isBestMatch": true
	},
	{
		"id": 502,
		"price": "2.64600000",
		"qty": "14.50000000",
		"quoteQty": "38.36700000",
		"time": 1654164561564,
		"isBuyerMaker": true,
		"isBestMatch": true
	},
	{
		"id": 503,
		"price": "2.64600000",
		"qty": "37.10000000",
		"quoteQty": "98.16660000",
		"time": 1654164561569,
		"isBuyerMaker": false,
		"isBestMatch": true
	},
	{
		"id": 504,
		"price": "2.64500000",
		"qty": "9.20000000",
		"quoteQty": "24.33400000",
		"time": 1654164563798,
		"isBuyerMaker": true,
		"isBestMatch": true
	},
	{
		"id": 505,
		"price": "2.64600000",
		"qty": "11.30000000",
		"quoteQty": "29.89980000",
		"time": 1654164566028,
		"isBuyerMaker": false,
		"isBestMatch": true
	},
	{
		"id": 506,
		"price": "2.66400000",
		"qty": "4.10000000",
		"quoteQty": "10.92240000",
		"time": 1654164582296,
		"isBuyerMaker": false,
		"isBestMatch": true
	},
	{
		"id": 507,
		"price": "2.64600000",
		"qty": "16.20000000",
		"quoteQty": "42.86520000",
		"time": 1654164589850,
		"isBuyerMaker": true,
		"isBestMatch": true
	},
	{
		"id": 508,
		"price": "2.64500000",
		"qty": "106.00000000",
		"quoteQty": "280.37000000",
		"time": 1654164589850,
		"isBuyerMaker": true,
		"isBestMatch": true
	},
	{
		"id": 509,
		"price": "2.64400000",
		"qty": "18.80000000",
		"quoteQty": "49.70720000",
		"time": 1654164589850,
		"isBuyerMaker": true,
		"isBestMatch": true
	},
	{
		"id": 510,
		"price": "2.64300000",
		"qty": "154.70000000",
		"quoteQty": "408.87210000",
		"time": 1654164589850,
		"isBuyerMaker": true,
		"isBestMatch": true
	},
	{
		"id": 511,
		"price": "2.66300000",
		"qty": "92.40000000",
		"quoteQty": "246.06120000",
		"time": 1654164590492,
		"isBuyerMaker": false,
		"isBestMatch": true
	},
	{
		"id": 512,
		"price": "2.66400000",
		"qty": "44.20000000",
		"quoteQty": "117.74880000",
		"time": 1654164590492,
		"isBuyerMaker": false,
		"isBestMatch": true
	},
	{
		"id": 513,
		"price": "2.67000000",
		"qty": "65.50000000",
		"quoteQty": "174.88500000",
		"time": 1654164590499,
		"isBuyerMaker": true,
		"isBestMatch": true
	},
	{
		"id": 514,
		"price": "2.64600000",
		"qty": "41.60000000",
		"quoteQty": "110.07360000",
		"time": 1654164604722,
		"isBuyerMaker": true,
		"isBestMatch": true
	},
	{
		"id": 515,
		"price": "2.64600000",
		"qty": "42.40000000",
		"quoteQty": "112.19040000",
		"time": 1654164609727,
		"isBuyerMaker": true,
		"isBestMatch": true
	},
	{
		"id": 516,
		"price": "2.66400000",
		"qty": "10.00000000",
		"quoteQty": "26.64000000",
		"time": 1654164617108,
		"isBuyerMaker": false,
		"isBestMatch": true
	},
	{
		"id": 517,
		"price": "2.64600000",
		"qty": "53.60000000",
		"quoteQty": "141.82560000",
		"time": 1654164640032,
		"isBuyerMaker": true,
		"isBestMatch": true
	},
	{
		"id": 518,
		"price": "2.64200000",
		"qty": "77.60000000",
		"quoteQty": "205.01920000",
		"time": 1654164641051,
		"isBuyerMaker": true,
		"isBestMatch": true
	},
	{
		"id": 519,
		"price": "2.66400000",
		"qty": "4.60000000",
		"quoteQty": "12.25440000",
		"time": 1654164647757,
		"isBuyerMaker": false,
		"isBestMatch": true
	},
	{
		"id": 520,
		"price": "2.66400000",
		"qty": "5.40000000",
		"quoteQty": "14.38560000",
		"time": 1654164647757,
		"isBuyerMaker": false,
		"isBestMatch": true
	},
	{
		"id": 521,
		"price": "2.64100000",
		"qty": "18.20000000",
		"quoteQty": "48.06620000",
		"time": 1654164699349,
		"isBuyerMaker": true,
		"isBestMatch": true
	},
	{
		"id": 522,
		"price": "2.64100000",
		"qty": "9.80000000",
		"quoteQty": "25.88180000",
		"time": 1654164699839,
		"isBuyerMaker": true,
		"isBestMatch": true
	},
	{
		"id": 523,
		"price": "2.64100000",
		"qty": "5.40000000",
		"quoteQty": "14.26140000",
		"time": 1654164699851,
		"isBuyerMaker": false,
		"isBestMatch": true
	},
	{
		"id": 524,
		"price": "2.64100000",
		"qty": "11.40000000",
		"quoteQty": "30.10740000",
		"time": 1654164700052,
		"isBuyerMaker": false,
		"isBestMatch": true
	},
	{
		"id": 525,
		"price": "2.64000000",
		"qty": "5.10000000",
		"quoteQty": "13.46400000",
		"time": 1654164719148,
		"isBuyerMaker": true,
		"isBestMatch": true
	},
	{
		"id": 526,
		"price": "2.64000000",
		"qty": "4.50000000",
		"quoteQty": "11.88000000",
		"time": 1654164719148,
		"isBuyerMaker": true,
		"isBestMatch": true
	},
	{
		"id": 527,
		"price": "2.64000000",
		"qty": "5.60000000",
		"quoteQty": "14.78400000",
		"time": 1654164719148,
		"isBuyerMaker": true,
		"isBestMatch": true
	},
	{
		"id": 528,
		"price": "2.63400000",
		"qty": "27.50000000",
		"quoteQty": "72.43500000",
		"time": 1654164719148,
		"isBuyerMaker": true,
		"isBestMatch": true
	},
	{
		"id": 529,
		"price": "2.63400000",
		"qty": "60.80000000",
		"quoteQty": "160.14720000",
		"time": 1654164721987,
		"isBuyerMaker": true,
		"isBestMatch": true
	},
	{
		"id": 530,
		"price": "2.63300000",
		"qty": "13.20000000",
		"quoteQty": "34.75560000",
		"time": 1654164721987,
		"isBuyerMaker": true,
		"isBestMatch": true
	},
	{
		"id": 531,
		"price": "2.63100000",
		"qty": "8.00000000",
		"quoteQty": "21.04800000",
		"time": 1654164721987,
		"isBuyerMaker": true,
		"isBestMatch": true
	},
	{
		"id": 532,
		"price": "2.62900000",
		"qty": "497.40000000",
		"quoteQty": "1307.66460000",
		"time": 1654164721987,
		"isBuyerMaker": true,
		"isBestMatch": true
	},
	{
		"id": 533,
		"price": "2.62900000",
		"qty": "279.30000000",
		"quoteQty": "734.27970000",
		"time": 1654164721987,
		"isBuyerMaker": true,
		"isBestMatch": true
	},
	{
		"id": 534,
		"price": "2.62800000",
		"qty": "114.10000000",
		"quoteQty": "299.85480000",
		"time": 1654164721987,
		"isBuyerMaker": true,
		"isBestMatch": true
	},
	{
		"id": 535,
		"price": "2.62600000",
		"qty": "76.90000000",
		"quoteQty": "201.93940000",
		"time": 1654164721987,
		"isBuyerMaker": true,
		"isBestMatch": true
	},
	{
		"id": 536,
		"price": "2.62700000",
		"qty": "11.50000000",
		"quoteQty": "30.21050000",
		"time": 1654164727254,
		"isBuyerMaker": true,
		"isBestMatch": true
	},
	{
		"id": 537,
		"price": "2.62700000",
		"qty": "68.50000000",
		"quoteQty": "179.94950000",
		"time": 1654164731989,
		"isBuyerMaker": false,
		"isBestMatch": true
	},
	{
		"id": 538,
		"price": "2.62700000",
		"qty": "75.90000000",
		"quoteQty": "199.38930000",
		"time": 1654164737186,
		"isBuyerMaker": false,
		"isBestMatch": true
	},
	{
		"id": 539,
		"price": "2.62100000",
		"qty": "177.20000000",
		"quoteQty": "464.44120000",
		"time": 1654164737282,
		"isBuyerMaker": true,
		"isBestMatch": true
	},
	{
		"id": 540,
		"price": "2.62100000",
		"qty": "13.90000000",
		"quoteQty": "36.43190000",
		"time": 1654164751124,
		"isBuyerMaker": false,
		"isBestMatch": true
	},
	{
		"id": 541,
		"price": "2.62700000",
		"qty": "12.90000000",
		"quoteQty": "33.88830000",
		"time": 1654164757310,
		"isBuyerMaker": false,
		"isBestMatch": true
	},
	{
		"id": 542,
		"price": "2.62100000",
		"qty": "37.70000000",
		"quoteQty": "98.81170000",
		"time": 1654164759448,
		"isBuyerMaker": true,
		"isBestMatch": true
	},
	{
		"id": 543,
		"price": "2.62100000",
		"qty": "34.30000000",
		"quoteQty": "89.90030000",
		"time": 1654164759448,
		"isBuyerMaker": true,
		"isBestMatch": true
	},
	{
		"id": 544,
		"price": "2.62100000",
		"qty": "112.90000000",
		"quoteQty": "295.91090000",
		"time": 1654164759448,
		"isBuyerMaker": true,
		"isBestMatch": true
	},
	{
		"id": 545,
		"price": "2.62100000",
		"qty": "4.60000000",
		"quoteQty": "12.05660000",
		"time": 1654164761263,
		"isBuyerMaker": true,
		"isBestMatch": true
	},
	{
		"id": 546,
		"price": "2.62100000",
		"qty": "4.40000000",
		"quoteQty": "11.53240000",
		"time": 1654164769583,
		"isBuyerMaker": true,
		"isBestMatch": true
	},
	{
		"id": 547,
		"price": "2.61300000",
		"qty": "3.60000000",
		"quoteQty": "9.40680000",
		"time": 1654164769583,
		"isBuyerMaker": true,
		"isBestMatch": true
	},
	{
		"id": 548,
		"price": "2.61400000",
		"qty": "7.60000000",
		"quoteQty": "19.86640000",
		"time": 1654164773311,
		"isBuyerMaker": true,
		"isBestMatch": true
	},
	{
		"id": 549,
		"price": "2.61300000",
		"qty": "69.70000000",
		"quoteQty": "182.12610000",
		"time": 1654164788048,
		"isBuyerMaker": true,
		"isBestMatch": true
	},
	{
		"id": 550,
		"price": "2.61100000",
		"qty": "58.60000000",
		"quoteQty": "153.00460000",
		"time": 1654164788048,
		"isBuyerMaker": true,
		"isBestMatch": true
	},
	{
		"id": 551,
		"price": "2.61000000",
		"qty": "97.50000000",
		"quoteQty": "254.47500000",
		"time": 1654164788048,
		"isBuyerMaker": true,
		"isBestMatch": true
	},
	{
		"id": 552,
		"price": "2.60400000",
		"qty": "115.20000000",
		"quoteQty": "299.98080000",
		"time": 1654164788048,
		"isBuyerMaker": true,
		"isBestMatch": true
	},
	{
		"id": 553,
		"price": "2.60200000",
		"qty": "579.20000000",
		"quoteQty": "1507.07840000",
		"time": 1654164788048,
		"isBuyerMaker": true,
		"isBestMatch": true
	},
	{
		"id": 554,
		"price": "2.60100000",
		"qty": "8.50000000",
		"quoteQty": "22.10850000",
		"time": 1654164788048,
		"isBuyerMaker": true,
		"isBestMatch": true
	},
	{
		"id": 555,
		"price": "2.60100000",
		"qty": "4.50000000",
		"quoteQty": "11.70450000",
		"time": 1654164788048,
		"isBuyerMaker": true,
		"isBestMatch": true
	},
	{
		"id": 556,
		"price": "2.60800000",
		"qty": "107.70000000",
		"quoteQty": "280.88160000",
		"time": 1654164791638,
		"isBuyerMaker": true,
		"isBestMatch": true
	},
	{
		"id": 557,
		"price": "2.60700000",
		"qty": "47.00000000",
		"quoteQty": "122.52900000",
		"time": 1654164791638,
		"isBuyerMaker": true,
		"isBestMatch": true
	},
	{
		"id": 558,
		"price": "2.60700000",
		"qty": "46.80000000",
		"quoteQty": "122.00760000",
		"time": 1654164811905,
		"isBuyerMaker": true,
		"isBestMatch": true
	},
	{
		"id": 559,
		"price": "2.60800000",
		"qty": "73.90000000",
		"quoteQty": "192.73120000",
		"time": 1654164817025,
		"isBuyerMaker": true,
		"isBestMatch": true
	},
	{
		"id": 560,
		"price": "2.60800000",
		"qty": "149.20000000",
		"quoteQty": "389.11360000",
		"time": 1654164825667,
		"isBuyerMaker": true,
		"isBestMatch": true
	},
	{
		"id": 561,
		"price": "2.60800000",
		"qty": "77.10000000",
		"quoteQty": "201.07680000",
		"time": 1654164833608,
		"isBuyerMaker": true,
		"isBestMatch": true
	},
	{
		"id": 562,
		"price": "2.60800000",
		"qty": "53.70000000",
		"quoteQty": "140.04960000",
		"time": 1654164834947,
		"isBuyerMaker": true,
		"isBestMatch": true
	},
	{
		"id": 563,
		"price": "2.60800000",
		"qty": "74.00000000",
		"quoteQty": "192.99200000",
		"time": 1654164840297,
		"isBuyerMaker": true,
		"isBestMatch": true
	},
	{
		"id": 564,
		"price": "2.62600000",
		"qty": "18.80000000",
		"quoteQty": "49.36880000",
		"time": 1654164843100,
		"isBuyerMaker": false,
		"isBestMatch": true
	},
	{
		"id": 565,
		"price": "2.62700000",
		"qty": "24.60000000",
		"quoteQty": "64.62420000",
		"time": 1654164843100,
		"isBuyerMaker": false,
		"isBestMatch": true
	},
	{
		"id": 566,
		"price": "2.62700000",
		"qty": "15.60000000",
		"quoteQty": "40.98120000",
		"time": 1654164843100,
		"isBuyerMaker": false,
		"isBestMatch": true
	},
	{
		"id": 567,
		"price": "2.62600000",
		"qty": "7.40000000",
		"quoteQty": "19.43240000",
		"time": 1654164935337,
		"isBuyerMaker": false,
		"isBestMatch": true
	},
	{
		"id": 568,
		"price": "2.62600000",
		"qty": "47.70000000",
		"quoteQty": "125.26020000",
		"time": 1654164943847,
		"isBuyerMaker": true,
		"isBestMatch": true
	},
	{
		"id": 569,
		"price": "2.62700000",
		"qty": "13.50000000",
		"quoteQty": "35.46450000",
		"time": 1654164946587,
		"isBuyerMaker": false,
		"isBestMatch": true
	},
	{
		"id": 570,
		"price": "2.62600000",
		"qty": "79.30000000",
		"quoteQty": "208.24180000",
		"time": 1654164946637,
		"isBuyerMaker": true,
		"isBestMatch": true
	},
	{
		"id": 571,
		"price": "2.62600000",
		"qty": "130.60000000",
		"quoteQty": "342.95560000",
		"time": 1654164959812,
		"isBuyerMaker": true,
		"isBestMatch": true
	},
	{
		"id": 572,
		"price": "2.62600000",
		"qty": "6.20000000",
		"quoteQty": "16.28120000",
		"time": 1654164974548,
		"isBuyerMaker": true,
		"isBestMatch": true
	},
	{
		"id": 573,
		"price": "2.62600000",
		"qty": "120.60000000",
		"quoteQty": "316.69560000",
		"time": 1654164984841,
		"isBuyerMaker": true,
		"isBestMatch": true
	},
	{
		"id": 574,
		"price": "2.61400000",
		"qty": "19.00000000",
		"quoteQty": "49.66600000",
		"time": 1654165003583,
		"isBuyerMaker": true,
		"isBestMatch": true
	},
	{
		"id": 575,
		"price": "2.61300000",
		"qty": "20.60000000",
		"quoteQty": "53.82780000",
		"time": 1654165003583,
		"isBuyerMaker": true,
		"isBestMatch": true
	},
	{
		"id": 576,
		"price": "2.61300000",
		"qty": "5.10000000",
		"quoteQty": "13.32630000",
		"time": 1654165015705,
		"isBuyerMaker": true,
		"isBestMatch": true
	},
	{
		"id": 577,
		"price": "2.60600000",
		"qty": "16.30000000",
		"quoteQty": "42.47780000",
		"time": 1654165015705,
		"isBuyerMaker": true,
		"isBestMatch": true
	},
	{
		"id": 578,
		"price": "2.64000000",
		"qty": "3.70000000",
		"quoteQty": "9.76800000",
		"time": 1654165018822,
		"isBuyerMaker": false,
		"isBestMatch": true
	},
	{
		"id": 579,
		"price": "2.64200000",
		"qty": "15.30000000",
		"quoteQty": "40.42260000",
		"time": 1654165023721,
		"isBuyerMaker": false,
		"isBestMatch": true
	},
	{
		"id": 580,
		"price": "2.64300000",
		"qty": "11.30000000",
		"quoteQty": "29.86590000",
		"time": 1654165023721,
		"isBuyerMaker": false,
		"isBestMatch": true
	},
	{
		"id": 581,
		"price": "2.64300000",
		"qty": "6.30000000",
		"quoteQty": "16.65090000",
		"time": 1654165028252,
		"isBuyerMaker": false,
		"isBestMatch": true
	},
	{
		"id": 582,
		"price": "2.64300000",
		"qty": "177.40000000",
		"quoteQty": "468.86820000",
		"time": 1654165032380,
		"isBuyerMaker": false,
		"isBestMatch": true
	},
	{
		"id": 583,
		"price": "2.63000000",
		"qty": "7.50000000",
		"quoteQty": "19.72500000",
		"time": 1654165057892,
		"isBuyerMaker": false,
		"isBestMatch": true
	},
	{
		"id": 584,
		"price": "2.62000000",
		"qty": "86.40000000",
		"quoteQty": "226.36800000",
		"time": 1654165078026,
		"isBuyerMaker": false,
		"isBestMatch": true
	},
	{
		"id": 585,
		"price": "2.62200000",
		"qty": "276.20000000",
		"quoteQty": "724.19640000",
		"time": 1654165078026,
		"isBuyerMaker": false,
		"isBestMatch": true
	},
	{
		"id": 586,
		"price": "2.62200000",
		"qty": "76.70000000",
		"quoteQty": "201.10740000",
		"time": 1654165081095,
		"isBuyerMaker": false,
		"isBestMatch": true
	},
	{
		"id": 587,
		"price": "2.60600000",
		"qty": "31.70000000",
		"quoteQty": "82.61020000",
		"time": 1654165083872,
		"isBuyerMaker": true,
		"isBestMatch": true
	},
	{
		"id": 588,
		"price": "2.60000000",
		"qty": "3.90000000",
		"quoteQty": "10.14000000",
		"time": 1654165085286,
		"isBuyerMaker": true,
		"isBestMatch": true
	},
	{
		"id": 589,
		"price": "2.59300000",
		"qty": "22.60000000",
		"quoteQty": "58.60180000",
