[
	{
		"id": 0,
		"price": "0.28960000",
		"qty": "34.60000000",
		"quoteQty": "10.02016000",
		"time": 1660896000000,
		"isBuyerMaker": false,
		"isBestMatch": true
	},
	{
		"id": 1,
		"price": "0.29400000",
		"qty": "298.10000000",
		"quoteQty": "87.64140000",
		"time": 1660896000084,
		"isBuyerMaker": false,
		"isBestMatch": true
	},
	{
		"id": 2,
		"price": "0.28000000",
		"qty": "1607.00000000",
		"quoteQty": "449.96000000",
		"time": 1660896000206,
		"isBuyerMaker": true,
		"isBestMatch": true
	},
	{
		"id": 3,
		"price": "0.28000000",
		"qty": "142.00000000",
		"quoteQty": "39.76000000",
		"time": 1660896000206,
		"isBuyerMaker": true,
		"isBestMatch": true
	},
	{
		"id": 4,
		"price": "0.28000000",
		"qty": "822.00000000",
		"quoteQty": "230.16000000",
		"time": 1660896000223,
		"isBuyerMaker": true,
		"isBestMatch": true
	},
	{
		"id": 5,
		"price": "0.27000000",
		"qty": "407.00000000",
		"quoteQty": "109.89000000",
		"time": 1660896000223,
		"isBuyerMaker": true,
		"isBestMatch": true
	},
	{
		"id": 6,
		"price": "0.28000000",
		"qty": "160.00000000",
		"quoteQty": "44.80000000",
		"time": 1660896000425,
		"isBuyerMaker": true,
		"isBestMatch": true
	},
	{
		"id": 7,
		"price": "0.28000000",
		"qty": "96.00000000",
		"quoteQty": "26.88000000",
		"time": 1660896000425,
		"isBuyerMaker": true,
		"isBestMatch": true
	},
	{
		"id": 8,
		"price": "0.27990000",
		"qty": "50.40000000",
		"quoteQty": "14.10696000",
		"time": 1660896000637,
		"isBuyerMaker": false,
		"isBestMatch": true
	},
	{
		"id": 9,
		"price": "0.27990000",
		"qty": "357.20000000",
		"quoteQty": "99.98028000",
		"time": 1660896000856,
		"isBuyerMaker": false,
		"isBestMatch": true
	},
	{
		"id": 10,
		"price": "0.27160000",
		"qty": "217.00000000",
		"quoteQty": "58.93720000",
		"time": 1660896000957,
		"isBuyerMaker": true,
		"isBestMatch": true
	},
	{
		"id": 11,
		"price": "0.27440000",
		"qty": "84.30000000",
		"quoteQty": "23.13192000",
		"time": 1660896000988,
		"isBuyerMaker": false,
		"isBestMatch": true
	},
	{
		"id": 12,
		"price": "0.27020000",
		"qty": "108.00000000",
		"quoteQty": "29.18160000",
		"time": 1660896001024,
		"isBuyerMaker": true,
		"isBestMatch": true
	},
	{
		"id": 13,
		"price": "0.27020000",
		"qty": "329.00000000",
		"quoteQty": "88.89580000",
		"time": 1660896001113,
		"isBuyerMaker": true,
		"isBestMatch": true
	},
	{
		"id": 14,
		"price": "0.27000000",
		"qty": "58.00000000",
		"quoteQty": "15.66000000",
		"time": 1660896001113,
		"isBuyerMaker": true,
		"isBestMatch": true
	},
	{
		"id": 15,
		"price": "0.27000000",
		"qty": "1284.90000000",
		"quoteQty": "346.92300000",
		"time": 1660896001115,
		"isBuyerMaker": true,
		"isBestMatch": true
	},
	{
		"id": 16,
		"price": "0.27000000",
		"qty": "1749.90000000",
		"quoteQty": "472.47300000",
		"time": 1660896001115,
		"isBuyerMaker": true,
		"isBestMatch": true
	},
	{
		"id": 17,
		"price": "0.27440000",
		"qty": "36.40000000",
		"quoteQty": "9.98816000",
		"time": 1660896001122,
		"isBuyerMaker": false,
		"isBestMatch": true
	},
	{
		"id": 18,
		"price": "0.25820000",
		"qty": "10622.00000000",
		"quoteQty": "2742.60040000",
		"time": 1660896001310,
		"isBuyerMaker": true,
		"isBestMatch": true
	},
	{
		"id": 19,
		"price": "0.25810000",
		"qty": "862.00000000",
		"quoteQty": "222.48220000",
		"time": 1660896001310,
		"isBuyerMaker": true,
		"isBestMatch": true
	},
	{
		"id": 20,
		"price": "0.25810000",
		"qty": "96.30000000",
		"quoteQty": "24.85503000",
		"time": 1660896001388,
		"isBuyerMaker": true,
		"isBestMatch": true
	},
	{
		"id": 21,
		"price": "0.27370000",
		"qty": "108.00000000",
		"quoteQty": "29.55960000",
		"time": 1660896001862,
		"isBuyerMaker": false,
		"isBestMatch": true
	},
	{
		"id": 22,
		"price": "0.27380000",
		"qty": "22.30000000",
		"quoteQty": "6.10574000",
		"time": 1660896001862,
		"isBuyerMaker": false,
		"isBestMatch": true
	},
	{
		"id": 23,
		"price": "0.27370000",
		"qty": "43.50000000",
		"quoteQty": "11.90595000",
		"time": 1660896002147,
		"isBuyerMaker": false,
		"isBestMatch": true
	},
	{
		"id": 24,
		"price": "0.27370000",
		"qty": "1315.90000000",
		"quoteQty": "360.16183000",
		"time": 1660896002170,
		"isBuyerMaker": false,
		"isBestMatch": true
	},
	{
		"id": 25,
		"price": "0.27370000",
		"qty": "1060.00000000",
		"quoteQty": "290.12200000",
		"time": 1660896002170,
		"isBuyerMaker": false,
		"isBestMatch": true
	},
	{
		"id": 26,
		"price": "0.27990000",
		"qty": "618.20000000",
		"quoteQty": "173.03418000",
		"time": 1660896002170,
		"isBuyerMaker": false,
		"isBestMatch": true
	},
	{
		"id": 27,
		"price": "0.27970000",
		"qty": "340.10000000",
		"quoteQty": "95.12597000",
		"time": 1660896002623,
		"isBuyerMaker": false,
		"isBestMatch": true
	},
	{
		"id": 28,
		"price": "0.27980000",
		"qty": "17.10000000",
		"quoteQty": "4.78458000",
		"time": 1660896002623,
		"isBuyerMaker": false,
		"isBestMatch": true
	},
	{
		"id": 29,
		"price": "0.28000000",
		"qty": "94.80000000",
		"quoteQty": "26.54400000",
		"time": 1660896002680,
		"isBuyerMaker": false,
		"isBestMatch": true
	},
	{
		"id": 30,
		"price": "0.27990000",
		"qty": "289.60000000",
		"quoteQty": "81.05904000",
		"time": 1660896002784,
		"isBuyerMaker": false,
		"isBestMatch": true
	},
	{
		"id": 31,
		"price": "0.28000000",
		"qty": "1496.20000000",
		"quoteQty": "418.93600000",
		"time": 1660896002784,
		"isBuyerMaker": false,
		"isBestMatch": true
	},
	{
		"id": 32,
		"price": "0.27020000",
		"qty": "203.00000000",
		"quoteQty": "54.85060000",
		"time": 1660896002867,
		"isBuyerMaker": true,
		"isBestMatch": true
	},
	{
		"id": 33,
		"price": "0.27020000",
		"qty": "543.00000000",
		"quoteQty": "146.71860000",
		"time": 1660896002886,
		"isBuyerMaker": true,
		"isBestMatch": true
	},
	{
		"id": 34,
		"price": "0.27020000",
		"qty": "185.00000000",
		"quoteQty": "49.98700000",
		"time": 1660896002899,
		"isBuyerMaker": true,
		"isBestMatch": true
	},
	{
		"id": 35,
		"price": "0.27020000",
		"qty": "133.20000000",
		"quoteQty": "35.99064000",
		"time": 1660896002908,
		"isBuyerMaker": true,
		"isBestMatch": true
	},
	{
		"id": 36,
		"price": "0.27020000",
		"qty": "176.80000000",
		"quoteQty": "47.77136000",
		"time": 1660896002908,
		"isBuyerMaker": true,
		"isBestMatch": true
	},
	{
		"id": 37,
		"price": "0.27020000",
		"qty": "381.00000000",
		"quoteQty": "102.94620000",
		"time": 1660896002926,
		"isBuyerMaker": true,
		"isBestMatch": true
	},
	{
		"id": 38,
		"price": "0.27030000",
		"qty": "665.90000000",
		"quoteQty": "179.99277000",
		"time": 1660896002935,
		"isBuyerMaker": true,
		"isBestMatch": true
	},
	{
		"id": 39,
		"price": "0.27020000",
		"qty": "85.10000000",
		"quoteQty": "22.99402000",
		"time": 1660896002935,
		"isBuyerMaker": true,
		"isBestMatch": true
	},
	{
		"id": 40,
		"price": "0.27020000",
		"qty": "429.90000000",
		"quoteQty": "116.15898000",
		"time": 1660896002949,
		"isBuyerMaker": true,
		"isBestMatch": true
	},
	{
		"id": 41,
		"price": "0.27020000",
		"qty": "212.10000000",
		"quoteQty": "57.30942000",
		"time": 1660896002949,
		"isBuyerMaker": true,
		"isBestMatch": true
	},
	{
		"id": 42,
		"price": "0.27020000",
		"qty": "40.70000000",
		"quoteQty": "10.99714000",
		"time": 1660896002958,
		"isBuyerMaker": true,
		"isBestMatch": true
	},
	{
		"id": 43,
		"price": "0.27030000",
		"qty": "339.50000000",
		"quoteQty": "91.76685000",
		"time": 1660896002968,
		"isBuyerMaker": true,
		"isBestMatch": true
	},
	{
		"id": 44,
		"price": "0.27020000",
		"qty": "814.50000000",
		"quoteQty": "220.07790000",
		"time": 1660896002968,
		"isBuyerMaker": true,
		"isBestMatch": true
	},
	{
		"id": 45,
		"price": "0.27020000",
		"qty": "5.40000000",
		"quoteQty": "1.45908000",
		"time": 1660896002970,
		"isBuyerMaker": true,
		"isBestMatch": true
	},
	{
		"id": 46,
		"price": "0.27020000",
		"qty": "342.60000000",
		"quoteQty": "92.57052000",
		"time": 1660896002970,
		"isBuyerMaker": true,
		"isBestMatch": true
	},
	{
		"id": 47,
		"price": "0.27020000",
		"qty": "328.00000000",
		"quoteQty": "88.62560000",
		"time": 1660896002978,
		"isBuyerMaker": true,
		"isBestMatch": true
	},
	{
		"id": 48,
		"price": "0.27020000",
		"qty": "203.00000000",
		"quoteQty": "54.85060000",
		"time": 1660896002979,
		"isBuyerMaker": true,
		"isBestMatch": true
	},
	{
		"id": 49,
		"price": "0.27500000",
		"qty": "288.00000000",
		"quoteQty": "79.20000000",
		"time": 1660896003004,
		"isBuyerMaker": true,
		"isBestMatch": true
	},
	{
		"id": 50,
		"price": "0.27500000",
		"qty": "203.00000000",
		"quoteQty": "55.82500000",
		"time": 1660896003020,
		"isBuyerMaker": true,
		"isBestMatch": true
	},
	{
		"id": 51,
		"price": "0.27500000",
		"qty": "362.00000000",
		"quoteQty": "99.55000000",
		"time": 1660896003021,
		"isBuyerMaker": true,
		"isBestMatch": true
	},
	{
		"id": 52,
		"price": "0.27500000",
		"qty": "149.00000000",
		"quoteQty": "40.97500000",
		"time": 1660896003028,
		"isBuyerMaker": true,
		"isBestMatch": true
	},
	{
		"id": 53,
		"price": "0.27500000",
		"qty": "87.00000000",
		"quoteQty": "23.92500000",
		"time": 1660896003034,
		"isBuyerMaker": true,
		"isBestMatch": true
	},
	{
		"id": 54,
		"price": "0.27010000",
		"qty": "40.70000000",
		"quoteQty": "10.99307000",
		"time": 1660896003034,
		"isBuyerMaker": true,
		"isBestMatch": true
	},
	{
		"id": 55,
		"price": "0.26420000",
		"qty": "184.30000000",
		"quoteQty": "48.69206000",
		"time": 1660896003034,
		"isBuyerMaker": true,
		"isBestMatch": true
	},
	{
		"id": 56,
		"price": "0.27020000",
		"qty": "52.00000000",
		"quoteQty": "14.05040000",
		"time": 1660896003041,
		"isBuyerMaker": true,
		"isBestMatch": true
	},
	{
		"id": 57,
		"price": "0.27020000",
		"qty": "203.00000000",
		"quoteQty": "54.85060000",
		"time": 1660896003060,
		"isBuyerMaker": true,
		"isBestMatch": true
	},
	{
		"id": 58,
		"price": "0.27020000",
		"qty": "398.00000000",
		"quoteQty": "107.53960000",
		"time": 1660896003072,
		"isBuyerMaker": true,
		"isBestMatch": true
	},
	{
		"id": 59,
		"price": "0.27020000",
		"qty": "324.00000000",
		"quoteQty": "87.54480000",
		"time": 1660896003082,
		"isBuyerMaker": true,
		"isBestMatch": true
	},
	{
		"id": 60,
		"price": "0.26670000",
		"qty": "374.90000000",
		"quoteQty": "99.98583000",
		"time": 1660896003082,
		"isBuyerMaker": true,
		"isBestMatch": true
	},
	{
		"id": 61,
		"price": "0.26460000",
		"qty": "272.00000000",
		"quoteQty": "71.97120000",
		"time": 1660896003130,
		"isBuyerMaker": true,
		"isBestMatch": true
	},
	{
		"id": 62,
		"price": "0.26650000",
		"qty": "1059.80000000",
		"quoteQty": "282.43670000",
		"time": 1660896003635,
		"isBuyerMaker": false,
		"isBestMatch": true
	},
	{
		"id": 63,
		"price": "0.26650000",
		"qty": "12.90000000",
		"quoteQty": "3.43785000",
		"time": 1660896003735,
		"isBuyerMaker": false,
		"isBestMatch": true
	},
	{
		"id": 64,
		"price": "0.26660000",
		"qty": "1072.80000000",
		"quoteQty": "286.00848000",
		"time": 1660896003735,
		"isBuyerMaker": false,
		"isBestMatch": true
	},
	{
		"id": 65,
		"price": "0.26660000",
		"qty": "1064.20000000",
		"quoteQty": "283.71572000",
		"time": 1660896003735,
		"isBuyerMaker": false,
		"isBestMatch": true
	},
	{
		"id": 66,
		"price": "0.26660000",
		"qty": "145.10000000",
		"quoteQty": "38.68366000",
		"time": 1660896003735,
		"isBuyerMaker": false,
		"isBestMatch": true
	},
	{
		"id": 67,
		"price": "0.26660000",
		"qty": "172.90000000",
		"quoteQty": "46.09514000",
		"time": 1660896003778,
		"isBuyerMaker": false,
		"isBestMatch": true
	},
	{
		"id": 68,
		"price": "0.26920000",
		"qty": "194.20000000",
		"quoteQty": "52.27864000",
		"time": 1660896003938,
		"isBuyerMaker": false,
		"isBestMatch": true
	},
	{
		"id": 69,
		"price": "0.26920000",
		"qty": "40.80000000",
		"quoteQty": "10.98336000",
		"time": 1660896004004,
		"isBuyerMaker": false,
		"isBestMatch": true
	},
	{
		"id": 70,
		"price": "0.26920000",
		"qty": "58.90000000",
		"quoteQty": "15.85588000",
		"time": 1660896004133,
		"isBuyerMaker": false,
		"isBestMatch": true
	},
	{
		"id": 71,
		"price": "0.26920000",
		"qty": "211.80000000",
		"quoteQty": "57.01656000",
		"time": 1660896004396,
		"isBuyerMaker": false,
		"isBestMatch": true
	},
	{
		"id": 72,
		"price": "0.26920000",
		"qty": "49.90000000",
		"quoteQty": "13.43308000",
		"time": 1660896004457,
		"isBuyerMaker": false,
		"isBestMatch": true
	},
	{
		"id": 73,
		"price": "0.26930000",
		"qty": "977.00000000",
		"quoteQty": "263.10610000",
		"time": 1660896004457,
		"isBuyerMaker": false,
		"isBestMatch": true
	},
	{
		"id": 74,
		"price": "0.26940000",
		"qty": "374.90000000",
		"quoteQty": "100.99806000",
		"time": 1660896004457,
		"isBuyerMaker": false,
		"isBestMatch": true
	},
	{
		"id": 75,
		"price": "0.26970000",
		"qty": "203.00000000",
		"quoteQty": "54.74910000",
		"time": 1660896004468,
		"isBuyerMaker": true,
		"isBestMatch": true
	},
	{
		"id": 76,
		"price": "0.26970000",
		"qty": "459.00000000",
		"quoteQty": "123.79230000",
		"time": 1660896004479,
		"isBuyerMaker": true,
		"isBestMatch": true
	},
	{
		"id": 77,
		"price": "0.27340000",
		"qty": "39.00000000",
		"quoteQty": "10.66260000",
		"time": 1660896004488,
		"isBuyerMaker": false,
		"isBestMatch": true
	},
	{
		"id": 78,
		"price": "0.26980000",
		"qty": "107.00000000",
		"quoteQty": "28.86860000",
		"time": 1660896004509,
		"isBuyerMaker": true,
		"isBestMatch": true
	},
	{
		"id": 79,
		"price": "0.26980000",
		"qty": "247.00000000",
		"quoteQty": "66.64060000",
		"time": 1660896004544,
		"isBuyerMaker": true,
		"isBestMatch": true
	},
	{
		"id": 80,
		"price": "0.26980000",
		"qty": "173.00000000",
		"quoteQty": "46.67540000",
		"time": 1660896004561,
		"isBuyerMaker": true,
		"isBestMatch": true
	},
	{
		"id": 81,
		"price": "0.26980000",
		"qty": "339.00000000",
		"quoteQty": "91.46220000",
		"time": 1660896004562,
		"isBuyerMaker": true,
		"isBestMatch": true
	},
	{
		"id": 82,
		"price": "0.26980000",
		"qty": "141.90000000",
		"quoteQty": "38.28462000",
		"time": 1660896004578,
		"isBuyerMaker": true,
		"isBestMatch": true
	},
	{
		"id": 83,
		"price": "0.26980000",
		"qty": "69.10000000",
		"quoteQty": "18.64318000",
		"time": 1660896004578,
		"isBuyerMaker": true,
		"isBestMatch": true
	},
	{
		"id": 84,
		"price": "0.26980000",
		"qty": "203.00000000",
		"quoteQty": "54.76940000",
		"time": 1660896004601,
		"isBuyerMaker": true,
		"isBestMatch": true
	},
	{
		"id": 85,
		"price": "0.26980000",
		"qty": "511.30000000",
		"quoteQty": "137.94874000",
		"time": 1660896004610,
		"isBuyerMaker": true,
		"isBestMatch": true
	},
	{
		"id": 86,
		"price": "0.26980000",
		"qty": "235.50000000",
		"quoteQty": "63.53790000",
		"time": 1660896004668,
		"isBuyerMaker": true,
		"isBestMatch": true
	},
	{
		"id": 87,
		"price": "0.26980000",
		"qty": "327.50000000",
		"quoteQty": "88.35950000",
		"time": 1660896004668,
		"isBuyerMaker": true,
		"isBestMatch": true
	},
	{
		"id": 88,
		"price": "0.26980000",
		"qty": "633.00000000",
		"quoteQty": "170.78340000",
		"time": 1660896004681,
		"isBuyerMaker": true,
		"isBestMatch": true
	},
	{
		"id": 89,
		"price": "0.26980000",
		"qty": "70.90000000",
		"quoteQty": "19.12882000",
		"time": 1660896004688,
		"isBuyerMaker": true,
		"isBestMatch": true
	},
	{
		"id": 90,
		"price": "0.26970000",
		"qty": "337.10000000",
		"quoteQty": "90.91587000",
		"time": 1660896004688,
		"isBuyerMaker": true,
		"isBestMatch": true
	},
	{
		"id": 91,
		"price": "0.26970000",
		"qty": "1089.00000000",
		"quoteQty": "293.70330000",
		"time": 1660896004734,
		"isBuyerMaker": true,
		"isBestMatch": true
	},
	{
		"id": 92,
		"price": "0.27290000",
		"qty": "73.20000000",
		"quoteQty": "19.97628000",
		"time": 1660896004816,
		"isBuyerMaker": false,
		"isBestMatch": true
	},
	{
		"id": 93,
		"price": "0.26970000",
		"qty": "211.40000000",
		"quoteQty": "57.01458000",
		"time": 1660896004855,
		"isBuyerMaker": true,
		"isBestMatch": true
	},
	{
		"id": 94,
		"price": "0.27220000",
		"qty": "695.70000000",
		"quoteQty": "189.36954000",
		"time": 1660896005163,
		"isBuyerMaker": false,
		"isBestMatch": true
	},
	{
		"id": 95,
		"price": "0.26610000",
		"qty": "921.40000000",
		"quoteQty": "245.18454000",
		"time": 1660896005482,
		"isBuyerMaker": true,
		"isBestMatch": true
	},
	{
		"id": 96,
		"price": "0.26600000",
		"qty": "750.50000000",
		"quoteQty": "199.63300000",
		"time": 1660896005482,
		"isBuyerMaker": true,
		"isBestMatch": true
	},
	{
		"id": 97,
		"price": "0.26560000",
		"qty": "2304.50000000",
		"quoteQty": "612.07520000",
		"time": 1660896005482,
		"isBuyerMaker": true,
		"isBestMatch": true
	},
	{
		"id": 98,
		"price": "0.26490000",
		"qty": "1132.50000000",
		"quoteQty": "299.99925000",
		"time": 1660896005482,
		"isBuyerMaker": true,
		"isBestMatch": true
	},
	{
		"id": 99,
		"price": "0.26480000",
		"qty": "3193.00000000",
		"quoteQty": "845.50640000",
		"time": 1660896005482,
		"isBuyerMaker": true,
		"isBestMatch": true
	},
	{
		"id": 100,
		"price": "0.26350000",
		"qty": "1859.70000000",
		"quoteQty": "490.03095000",
		"time": 1660896005482,
		"isBuyerMaker": true,
		"isBestMatch": true
	},
	{
		"id": 101,
		"price": "0.26320000",
		"qty": "1661.70000000",
		"quoteQty": "437.35944000",
		"time": 1660896005482,
		"isBuyerMaker": true,
		"isBestMatch": true
	},
	{
		"id": 102,
		"price": "0.26160000",
		"qty": "382.20000000",
		"quoteQty": "99.98352000",
		"time": 1660896005482,
		"isBuyerMaker": true,
		"isBestMatch": true
	},
	{
		"id": 103,
		"price": "0.26000000",
		"qty": "113.70000000",
		"quoteQty": "29.56200000",
		"time": 1660896005482,
		"isBuyerMaker": true,
		"isBestMatch": true
	},
	{
		"id": 104,
		"price": "0.26000000",
		"qty": "113.70000000",
		"quoteQty": "29.56200000",
		"time": 1660896005482,
		"isBuyerMaker": true,
		"isBestMatch": true
	},
	{
		"id": 105,
		"price": "0.26000000",
		"qty": "113.70000000",
		"quoteQty": "29.56200000",
		"time": 1660896005482,
		"isBuyerMaker": true,
		"isBestMatch": true
	},
	{
		"id": 106,
		"price": "0.26000000",
		"qty": "113.70000000",
		"quoteQty": "29.56200000",
		"time": 1660896005482,
		"isBuyerMaker": true,
		"isBestMatch": true
	},
	{
		"id": 107,
		"price": "0.26000000",
		"qty": "113.70000000",
		"quoteQty": "29.56200000",
		"time": 1660896005482,
		"isBuyerMaker": true,
		"isBestMatch": true
	},
	{
		"id": 108,
		"price": "0.26000000",
		"qty": "113.70000000",
		"quoteQty": "29.56200000",
		"time": 1660896005482,
		"isBuyerMaker": true,
		"isBestMatch": true
	},
	{
		"id": 109,
		"price": "0.26000000",
		"qty": "113.70000000",
		"quoteQty": "29.56200000",
		"time": 1660896005482,
		"isBuyerMaker": true,
		"isBestMatch": true
	},
	{
		"id": 110,
		"price": "0.26000000",
		"qty": "113.70000000",
		"quoteQty": "29.56200000",
		"time": 1660896005482,
		"isBuyerMaker": true,
		"isBestMatch": true
	},
	{
		"id": 111,
		"price": "0.26000000",
		"qty": "113.70000000",
		"quoteQty": "29.56200000",
		"time": 1660896005482,
		"isBuyerMaker": true,
		"isBestMatch": true
	},
	{
		"id": 112,
		"price": "0.26000000",
		"qty": "113.40000000",
		"quoteQty": "29.48400000",
		"time": 1660896005482,
		"isBuyerMaker": true,
		"isBestMatch": true
	},
	{
		"id": 113,
		"price": "0.25920000",
		"qty": "770.20000000",
		"quoteQty": "199.63584000",
		"time": 1660896005482,
		"isBuyerMaker": true,
		"isBestMatch": true
	},
	{
		"id": 114,
		"price": "0.25920000",
		"qty": "38.60000000",
		"quoteQty": "10.00512000",
		"time": 1660896005482,
		"isBuyerMaker": true,
		"isBestMatch": true
	},
	{
		"id": 115,
		"price": "0.25920000",
		"qty": "38.60000000",
		"quoteQty": "10.00512000",
		"time": 1660896005482,
		"isBuyerMaker": true,
		"isBestMatch": true
	},
	{
		"id": 116,
		"price": "0.25920000",
		"qty": "38.60000000",
		"quoteQty": "10.00512000",
		"time": 1660896005482,
		"isBuyerMaker": true,
		"isBestMatch": true
	},
	{
		"id": 117,
		"price": "0.25920000",
		"qty": "38.60000000",
		"quoteQty": "10.00512000",
		"time": 1660896005482,
		"isBuyerMaker": true,
		"isBestMatch": true
	},
	{
		"id": 118,
		"price": "0.25920000",
		"qty": "38.10000000",
		"quoteQty": "9.87552000",
		"time": 1660896005482,
		"isBuyerMaker": true,
		"isBestMatch": true
	},
	{
		"id": 119,
		"price": "0.25760000",
		"qty": "4611.80000000",
		"quoteQty": "1187.99968000",
		"time": 1660896005482,
		"isBuyerMaker": true,
		"isBestMatch": true
	},
	{
		"id": 120,
		"price": "0.25760000",
		"qty": "3074.50000000",
		"quoteQty": "791.99120000",
		"time": 1660896005482,
		"isBuyerMaker": true,
		"isBestMatch": true
	},
	{
		"id": 121,
		"price": "0.25620000",
		"qty": "780.60000000",
		"quoteQty": "199.98972000",
		"time": 1660896005482,
		"isBuyerMaker": true,
		"isBestMatch": true
	},
	{
		"id": 122,
		"price": "0.25620000",
		"qty": "11592.50000000",
		"quoteQty": "2969.99850000",
		"time": 1660896005482,
		"isBuyerMaker": true,
		"isBestMatch": true
	},
	{
		"id": 123,
		"price": "0.25600000",
		"qty": "194.90000000",
		"quoteQty": "49.89440000",
		"time": 1660896005482,
		"isBuyerMaker": true,
		"isBestMatch": true
	},
	{
		"id": 124,
		"price": "0.25590000",
		"qty": "386.80000000",
		"quoteQty": "98.98212000",
		"time": 1660896005482,
		"isBuyerMaker": true,
		"isBestMatch": true
	},
	{
		"id": 125,
		"price": "0.25330000",
		"qty": "4571.40000000",
		"quoteQty": "1157.93562000",
		"time": 1660896005482,
		"isBuyerMaker": true,
		"isBestMatch": true
	},
	{
		"id": 126,
		"price": "0.25360000",
		"qty": "194.20000000",
		"quoteQty": "49.24912000",
		"time": 1660896005553,
		"isBuyerMaker": true,
		"isBestMatch": true
	},
	{
		"id": 127,
		"price": "0.25860000",
		"qty": "39.00000000",
		"quoteQty": "10.08540000",
		"time": 1660896005576,
		"isBuyerMaker": false,
		"isBestMatch": true
	},
	{
		"id": 128,
		"price": "0.25860000",
		"qty": "39.00000000",
		"quoteQty": "10.08540000",
		"time": 1660896005576,
		"isBuyerMaker": false,
		"isBestMatch": true
	},
	{
		"id": 129,
		"price": "0.25860000",
		"qty": "39.00000000",
		"quoteQty": "10.08540000",
		"time": 1660896005576,
		"isBuyerMaker": false,
		"isBestMatch": true
	},
	{
		"id": 130,
		"price": "0.25860000",
		"qty": "39.00000000",
		"quoteQty": "10.08540000",
		"time": 1660896005576,
		"isBuyerMaker": false,
		"isBestMatch": true
	},
	{
		"id": 131,
		"price": "0.25860000",
		"qty": "38.90000000",
		"quoteQty": "10.05954000",
		"time": 1660896005576,
		"isBuyerMaker": false,
		"isBestMatch": true
	},
	{
		"id": 132,
		"price": "0.25880000",
		"qty": "925.60000000",
		"quoteQty": "239.54528000",
		"time": 1660896005576,
		"isBuyerMaker": false,
		"isBestMatch": true
	},
	{
		"id": 133,
		"price": "0.25880000",
		"qty": "1120.50000000",
		"quoteQty": "289.98540000",
		"time": 1660896005582,
		"isBuyerMaker": false,
		"isBestMatch": true
	},
	{
		"id": 134,
		"price": "0.25850000",
		"qty": "934.70000000",
		"quoteQty": "241.61995000",
		"time": 1660896005597,
		"isBuyerMaker": false,
		"isBestMatch": true
	},
	{
		"id": 135,
		"price": "0.25850000",
		"qty": "1018.90000000",
		"quoteQty": "263.38565000",
		"time": 1660896005597,
		"isBuyerMaker": false,
		"isBestMatch": true
	},
	{
		"id": 136,
		"price": "0.25880000",
		"qty": "9203.40000000",
		"quoteQty": "2381.83992000",
		"time": 1660896005597,
		"isBuyerMaker": false,
		"isBestMatch": true
	},
	{
		"id": 137,
		"price": "0.25880000",
		"qty": "247.80000000",
		"quoteQty": "64.13064000",
		"time": 1660896005614,
		"isBuyerMaker": false,
		"isBestMatch": true
	},
	{
		"id": 138,
		"price": "0.25880000",
		"qty": "95.20000000",
		"quoteQty": "24.63776000",
		"time": 1660896005617,
		"isBuyerMaker": false,
		"isBestMatch": true
	},
	{
		"id": 139,
		"price": "0.25860000",
		"qty": "320.00000000",
		"quoteQty": "82.75200000",
		"time": 1660896005656,
		"isBuyerMaker": false,
		"isBestMatch": true
	},
	{
		"id": 140,
		"price": "0.25860000",
		"qty": "15.70000000",
		"quoteQty": "4.06002000",
		"time": 1660896005659,
		"isBuyerMaker": false,
		"isBestMatch": true
	},
	{
		"id": 141,
		"price": "0.25870000",
		"qty": "900.30000000",
		"quoteQty": "232.90761000",
		"time": 1660896005659,
		"isBuyerMaker": false,
		"isBestMatch": true
	},
	{
		"id": 142,
		"price": "0.25870000",
		"qty": "21.10000000",
		"quoteQty": "5.45857000",
		"time": 1660896005713,
		"isBuyerMaker": false,
		"isBestMatch": true
	},
	{
		"id": 143,
		"price": "0.25860000",
		"qty": "163.00000000",
		"quoteQty": "42.15180000",
		"time": 1660896005755,
		"isBuyerMaker": false,
		"isBestMatch": true
	},
	{
		"id": 144,
		"price": "0.25860000",
		"qty": "176.50000000",
		"quoteQty": "45.64290000",
		"time": 1660896005800,
		"isBuyerMaker": false,
		"isBestMatch": true
	},
	{
		"id": 145,
		"price": "0.26100000",
		"qty": "38.70000000",
		"quoteQty": "10.10070000",
		"time": 1660896005887,
		"isBuyerMaker": false,
		"isBestMatch": true
	},
	{
		"id": 146,
		"price": "0.26100000",
		"qty": "35.30000000",
		"quoteQty": "9.21330000",
		"time": 1660896005887,
		"isBuyerMaker": false,
		"isBestMatch": true
	},
	{
		"id": 147,
		"price": "0.26100000",
		"qty": "3.40000000",
		"quoteQty": "0.88740000",
		"time": 1660896005986,
		"isBuyerMaker": false,
		"isBestMatch": true
	},
	{
		"id": 148,
		"price": "0.26100000",
		"qty": "38.70000000",
		"quoteQty": "10.10070000",
		"time": 1660896005986,
		"isBuyerMaker": false,
		"isBestMatch": true
	},
	{
		"id": 149,
		"price": "0.26100000",
		"qty": "38.70000000",
		"quoteQty": "10.10070000",
		"time": 1660896005986,
		"isBuyerMaker": false,
		"isBestMatch": true
	},
	{
		"id": 150,
		"price": "0.26100000",
		"qty": "38.70000000",
		"quoteQty": "10.10070000",
		"time": 1660896005986,
		"isBuyerMaker": false,
		"isBestMatch": true
	},
	{
		"id": 151,
		"price": "0.26100000",
		"qty": "38.70000000",
		"quoteQty": "10.10070000",
		"time": 1660896005986,
		"isBuyerMaker": false,
		"isBestMatch": true
	},
	{
		"id": 152,
		"price": "0.26100000",
		"qty": "38.70000000",
		"quoteQty": "10.10070000",
		"time": 1660896005986,
		"isBuyerMaker": false,
		"isBestMatch": true
	},
	{
		"id": 153,
		"price": "0.26100000",
		"qty": "38.70000000",
		"quoteQty": "10.10070000",
		"time": 1660896005986,
		"isBuyerMaker": false,
		"isBestMatch": true
	},
	{
		"id": 154,
		"price": "0.26100000",
		"qty": "38.70000000",
		"quoteQty": "10.10070000",
		"time": 1660896005986,
		"isBuyerMaker": false,
		"isBestMatch": true
	},
	{
		"id": 155,
		"price": "0.26100000",
		"qty": "38.50000000",
		"quoteQty": "10.04850000",
		"time": 1660896005986,
		"isBuyerMaker": false,
		"isBestMatch": true
	},
	{
		"id": 156,
		"price": "0.26430000",
		"qty": "382.20000000",
		"quoteQty": "101.01546000",
		"time": 1660896005986,
		"isBuyerMaker": false,
		"isBestMatch": true
	},
	{
		"id": 157,
		"price": "0.26610000",
		"qty": "178.00000000",
		"quoteQty": "47.36580000",
		"time": 1660896005986,
		"isBuyerMaker": false,
		"isBestMatch": true
	},
	{
		"id": 158,
		"price": "0.26120000",
		"qty": "2295.00000000",
		"quoteQty": "599.45400000",
		"time": 1660896006045,
		"isBuyerMaker": true,
		"isBestMatch": true
	},
	{
		"id": 159,
		"price": "0.26270000",
		"qty": "776.10000000",
		"quoteQty": "203.88147000",
		"time": 1660896006073,
		"isBuyerMaker": false,
		"isBestMatch": true
	},
	{
		"id": 160,
		"price": "0.26270000",
		"qty": "4.50000000",
		"quoteQty": "1.18215000",
		"time": 1660896006082,
		"isBuyerMaker": false,
		"isBestMatch": true
	},
	{
		"id": 161,
		"price": "0.26420000",
		"qty": "192.50000000",
		"quoteQty": "50.85850000",
		"time": 1660896006113,
		"isBuyerMaker": true,
		"isBestMatch": true
	},
	{
		"id": 162,
		"price": "0.26440000",
		"qty": "980.20000000",
		"quoteQty": "259.16488000",
		"time": 1660896006190,
		"isBuyerMaker": true,
		"isBestMatch": true
	},
	{
		"id": 163,
		"price": "0.26430000",
		"qty": "1053.60000000",
		"quoteQty": "278.46648000",
		"time": 1660896006190,
		"isBuyerMaker": true,
		"isBestMatch": true
	},
	{
		"id": 164,
		"price": "0.26420000",
		"qty": "579.10000000",
		"quoteQty": "152.99822000",
		"time": 1660896006190,
		"isBuyerMaker": true,
		"isBestMatch": true
	},
	{
		"id": 165,
		"price": "0.26380000",
		"qty": "1053.60000000",
		"quoteQty": "277.93968000",
		"time": 1660896006236,
		"isBuyerMaker": false,
		"isBestMatch": true
	},
	{
		"id": 166,
		"price": "0.26390000",
		"qty": "461.20000000",
		"quoteQty": "121.71068000",
		"time": 1660896006236,
		"isBuyerMaker": false,
		"isBestMatch": true
	},
	{
		"id": 167,
		"price": "0.26390000",
		"qty": "125.70000000",
		"quoteQty": "33.17223000",
		"time": 1660896006236,
		"isBuyerMaker": false,
		"isBestMatch": true
	},
	{
		"id": 168,
		"price": "0.26370000",
		"qty": "1492.00000000",
		"quoteQty": "393.44040000",
		"time": 1660896006303,
		"isBuyerMaker": true,
		"isBestMatch": true
	},
	{
		"id": 169,
		"price": "0.26360000",
		"qty": "189.70000000",
		"quoteQty": "50.00492000",
		"time": 1660896006303,
		"isBuyerMaker": true,
		"isBestMatch": true
	},
	{
		"id": 170,
		"price": "0.26380000",
		"qty": "701.00000000",
		"quoteQty": "184.92380000",
		"time": 1660896006337,
		"isBuyerMaker": false,
		"isBestMatch": true
	},
	{
		"id": 171,
		"price": "0.26360000",
		"qty": "770.20000000",
		"quoteQty": "203.02472000",
		"time": 1660896006381,
		"isBuyerMaker": true,
		"isBestMatch": true
	},
	{
		"id": 172,
		"price": "0.26390000",
		"qty": "335.50000000",
		"quoteQty": "88.53845000",
		"time": 1660896006412,
		"isBuyerMaker": false,
		"isBestMatch": true
	},
	{
		"id": 173,
		"price": "0.26390000",
		"qty": "307.50000000",
		"quoteQty": "81.14925000",
		"time": 1660896006412,
		"isBuyerMaker": false,
		"isBestMatch": true
	},
	{
		"id": 174,
		"price": "0.26390000",
		"qty": "381.00000000",
		"quoteQty": "100.54590000",
		"time": 1660896006412,
		"isBuyerMaker": false,
		"isBestMatch": true
	},
	{
		"id": 175,
		"price": "0.26390000",
		"qty": "80.20000000",
		"quoteQty": "21.16478000",
		"time": 1660896006477,
		"isBuyerMaker": false,
		"isBestMatch": true
	},
	{
		"id": 176,
		"price": "0.26390000",
		"qty": "36.00000000",
		"quoteQty": "9.50040000",
		"time": 1660896006477,
		"isBuyerMaker": false,
		"isBestMatch": true
	},
	{
		"id": 177,
		"price": "0.26390000",
		"qty": "271.50000000",
		"quoteQty": "71.64885000",
		"time": 1660896006498,
		"isBuyerMaker": false,
		"isBestMatch": true
	},
	{
		"id": 178,
		"price": "0.26390000",
		"qty": "461.20000000",
		"quoteQty": "121.71068000",
		"time": 1660896006498,
		"isBuyerMaker": false,
		"isBestMatch": true
	},
	{
		"id": 179,
		"price": "0.26390000",
		"qty": "291.30000000",
		"quoteQty": "76.87407000",
		"time": 1660896006498,
		"isBuyerMaker": false,
		"isBestMatch": true
	},
	{
		"id": 180,
		"price": "0.26390000",
		"qty": "16.20000000",
		"quoteQty": "4.27518000",
		"time": 1660896006512,
		"isBuyerMaker": false,
		"isBestMatch": true
	},
	{
		"id": 181,
		"price": "0.26390000",
		"qty": "154.10000000",
		"quoteQty": "40.66699000",
		"time": 1660896006512,
		"isBuyerMaker": false,
		"isBestMatch": true
	},
	{
		"id": 182,
		"price": "0.26390000",
		"qty": "307.50000000",
		"quoteQty": "81.14925000",
		"time": 1660896006512,
		"isBuyerMaker": false,
		"isBestMatch": true
	},
	{
		"id": 183,
		"price": "0.26390000",
		"qty": "307.50000000",
		"quoteQty": "81.14925000",
		"time": 1660896006512,
		"isBuyerMaker": false,
		"isBestMatch": true
	},
	{
		"id": 184,
		"price": "0.26390000",
		"qty": "238.70000000",
		"quoteQty": "62.99293000",
		"time": 1660896006512,
		"isBuyerMaker": false,
		"isBestMatch": true
	},
	{
		"id": 185,
		"price": "0.26390000",
		"qty": "68.80000000",
		"quoteQty": "18.15632000",
		"time": 1660896006600,
		"isBuyerMaker": false,
		"isBestMatch": true
	},
	{
		"id": 186,
		"price": "0.26390000",
		"qty": "307.50000000",
		"quoteQty": "81.14925000",
		"time": 1660896006600,
		"isBuyerMaker": false,
		"isBestMatch": true
	},
	{
		"id": 187,
		"price": "0.26390000",
		"qty": "307.50000000",
		"quoteQty": "81.14925000",
		"time": 1660896006600,
		"isBuyerMaker": false,
		"isBestMatch": true
	},
	{
		"id": 188,
		"price": "0.26390000",
		"qty": "307.50000000",
		"quoteQty": "81.14925000",
		"time": 1660896006600,
		"isBuyerMaker": false,
		"isBestMatch": true
	},
	{
		"id": 189,
		"price": "0.26390000",
		"qty": "32.70000000",
		"quoteQty": "8.62953000",
		"time": 1660896006600,
		"isBuyerMaker": false,
		"isBestMatch": true
	},
	{
		"id": 190,
		"price": "0.26390000",
		"qty": "274.30000000",
		"quoteQty": "72.38777000",
		"time": 1660896006832,
		"isBuyerMaker": false,
		"isBestMatch": true
	},
	{
		"id": 191,
		"price": "0.27260000",
		"qty": "230.50000000",
		"quoteQty": "62.83430000",
		"time": 1660896006832,
		"isBuyerMaker": false,
		"isBestMatch": true
	},
	{
		"id": 192,
		"price": "0.27260000",
		"qty": "230.50000000",
		"quoteQty": "62.83430000",
		"time": 1660896006832,
		"isBuyerMaker": false,
		"isBestMatch": true
	},
	{
		"id": 193,
		"price": "0.27260000",
		"qty": "230.50000000",
		"quoteQty": "62.83430000",
		"time": 1660896006832,
		"isBuyerMaker": false,
		"isBestMatch": true
	},
	{
		"id": 194,
		"price": "0.27260000",
		"qty": "230.50000000",
		"quoteQty": "62.83430000",
		"time": 1660896006832,
		"isBuyerMaker": false,
		"isBestMatch": true
	},
	{
		"id": 195,
		"price": "0.27260000",
		"qty": "230.50000000",
		"quoteQty": "62.83430000",
		"time": 1660896006832,
		"isBuyerMaker": false,
		"isBestMatch": true
	},
	{
		"id": 196,
		"price": "0.27260000",
		"qty": "230.50000000",
		"quoteQty": "62.83430000",
		"time": 1660896006832,
		"isBuyerMaker": false,
		"isBestMatch": true
	},
	{
		"id": 197,
		"price": "0.27260000",
		"qty": "230.50000000",
		"quoteQty": "62.83430000",
		"time": 1660896006832,
		"isBuyerMaker": false,
		"isBestMatch": true
	},
	{
		"id": 198,
		"price": "0.27260000",
		"qty": "142.00000000",
		"quoteQty": "38.70920000",
		"time": 1660896006832,
		"isBuyerMaker": false,
		"isBestMatch": true
	},
	{
		"id": 199,
		"price": "0.26390000",
		"qty": "1055.20000000",
		"quoteQty": "278.46728000",
		"time": 1660896006892,
		"isBuyerMaker": true,
		"isBestMatch": true
	},
	{
		"id": 200,
		"price": "0.26380000",
		"qty": "21791.00000000",
		"quoteQty": "5748.46580000",
		"time": 1660896006892,
		"isBuyerMaker": true,
		"isBestMatch": true
	},
	{
		"id": 201,
		"price": "0.26370000",
		"qty": "279.20000000",
		"quoteQty": "73.62504000",
		"time": 1660896006934,
		"isBuyerMaker": false,
		"isBestMatch": true
	},
	{
		"id": 202,
		"price": "0.26370000",
		"qty": "1055.20000000",
		"quoteQty": "278.25624000",
		"time": 1660896006934,
		"isBuyerMaker": false,
		"isBestMatch": true
	},
	{
		"id": 203,
		"price": "0.26380000",
		"qty": "3313.00000000",
		"quoteQty": "873.96940000",
		"time": 1660896006934,
		"isBuyerMaker": false,
		"isBestMatch": true
	},
	{
		"id": 204,
		"price": "0.26370000",
		"qty": "1126.00000000",
		"quoteQty": "296.92620000",
		"time": 1660896007014,
		"isBuyerMaker": false,
		"isBestMatch": true
	},
	{
		"id": 205,
		"price": "0.26370000",
		"qty": "6.50000000",
		"quoteQty": "1.71405000",
		"time": 1660896007019,
		"isBuyerMaker": false,
		"isBestMatch": true
	},
	{
		"id": 206,
		"price": "0.26380000",
		"qty": "1119.50000000",
		"quoteQty": "295.32410000",
		"time": 1660896007019,
		"isBuyerMaker": false,
		"isBestMatch": true
	},
	{
		"id": 207,
		"price": "0.26380000",
		"qty": "6725.90000000",
		"quoteQty": "1774.29242000",
		"time": 1660896007020,
		"isBuyerMaker": false,
		"isBestMatch": true
	},
	{
		"id": 208,
		"price": "0.25870000",
		"qty": "549.00000000",
		"quoteQty": "142.02630000",
		"time": 1660896007093,
		"isBuyerMaker": true,
		"isBestMatch": true
	},
	{
		"id": 209,
		"price": "0.26330000",
		"qty": "4971.60000000",
		"quoteQty": "1309.02228000",
		"time": 1660896007253,
		"isBuyerMaker": false,
		"isBestMatch": true
	},
	{
		"id": 210,
		"price": "0.26330000",
		"qty": "5285.40000000",
		"quoteQty": "1391.64582000",
		"time": 1660896007263,
		"isBuyerMaker": false,
		"isBestMatch": true
	},
	{
		"id": 211,
		"price": "0.26380000",
		"qty": "1620.30000000",
		"quoteQty": "427.43514000",
		"time": 1660896007263,
		"isBuyerMaker": false,
		"isBestMatch": true
	},
	{
		"id": 212,
		"price": "0.26260000",
		"qty": "190.00000000",
		"quoteQty": "49.89400000",
		"time": 1660896007339,
		"isBuyerMaker": true,
		"isBestMatch": true
	},
	{
		"id": 213,
		"price": "0.26360000",
		"qty": "77.90000000",
		"quoteQty": "20.53444000",
		"time": 1660896007439,
		"isBuyerMaker": true,
		"isBestMatch": true
	},
	{
		"id": 214,
		"price": "0.26360000",
		"qty": "647.10000000",
		"quoteQty": "170.57556000",
		"time": 1660896007439,
		"isBuyerMaker": true,
		"isBestMatch": true
	},
	{
		"id": 215,
		"price": "0.26380000",
		"qty": "38.20000000",
		"quoteQty": "10.07716000",
		"time": 1660896007464,
		"isBuyerMaker": false,
		"isBestMatch": true
	},
	{
		"id": 216,
		"price": "0.26380000",
		"qty": "59.00000000",
		"quoteQty": "15.56420000",
		"time": 1660896007586,
		"isBuyerMaker": false,
		"isBestMatch": true
	},
	{
		"id": 217,
		"price": "0.26380000",
		"qty": "238.60000000",
		"quoteQty": "62.94268000",
		"time": 1660896008130,
		"isBuyerMaker": false,
		"isBestMatch": true
	},
	{
		"id": 218,
		"price": "0.26380000",
		"qty": "7417.70000000",
		"quoteQty": "1956.78926000",
		"time": 1660896008386,
		"isBuyerMaker": false,
		"isBestMatch": true
	},
	{
		"id": 219,
		"price": "0.26380000",
		"qty": "359.00000000",
		"quoteQty": "94.70420000",
		"time": 1660896008442,
		"isBuyerMaker": false,
		"isBestMatch": true
	},
	{
		"id": 220,
		"price": "0.26360000",
		"qty": "85.30000000",
		"quoteQty": "22.48508000",
		"time": 1660896008678,
		"isBuyerMaker": true,
		"isBestMatch": true
	},
	{
		"id": 221,
		"price": "0.26360000",
		"qty": "85.30000000",
		"quoteQty": "22.48508000",
		"time": 1660896008678,
		"isBuyerMaker": true,
		"isBestMatch": true
	},
	{
		"id": 222,
		"price": "0.26360000",
		"qty": "85.30000000",
		"quoteQty": "22.48508000",
		"time": 1660896008678,
		"isBuyerMaker": true,
		"isBestMatch": true
	},
	{
		"id": 223,
		"price": "0.26360000",
		"qty": "85.30000000",
		"quoteQty": "22.48508000",
		"time": 1660896008678,
		"isBuyerMaker": true,
		"isBestMatch": true
	},
	{
		"id": 224,
		"price": "0.26360000",
		"qty": "85.30000000",
		"quoteQty": "22.48508000",
		"time": 1660896008678,
		"isBuyerMaker": true,
		"isBestMatch": true
	},
	{
		"id": 225,
		"price": "0.26360000",
		"qty": "85.30000000",
		"quoteQty": "22.48508000",
		"time": 1660896008678,
		"isBuyerMaker": true,
		"isBestMatch": true
	},
	{
		"id": 226,
		"price": "0.26360000",
		"qty": "85.30000000",
		"quoteQty": "22.48508000",
		"time": 1660896008678,
		"isBuyerMaker": true,
		"isBestMatch": true
	},
	{
		"id": 227,
		"price": "0.26360000",
		"qty": "85.30000000",
		"quoteQty": "22.48508000",
		"time": 1660896008678,
		"isBuyerMaker": true,
		"isBestMatch": true
	},
	{
		"id": 228,
		"price": "0.26360000",
		"qty": "85.30000000",
		"quoteQty": "22.48508000",
		"time": 1660896008678,
		"isBuyerMaker": true,
		"isBestMatch": true
	},
	{
		"id": 229,
		"price": "0.26360000",
		"qty": "85.10000000",
		"quoteQty": "22.43236000",
		"time": 1660896008678,
		"isBuyerMaker": true,
		"isBestMatch": true
	},
	{
		"id": 230,
		"price": "0.26280000",
		"qty": "8164.60000000",
		"quoteQty": "2145.65688000",
		"time": 1660896008678,
		"isBuyerMaker": true,
		"isBestMatch": true
	},
	{
		"id": 231,
		"price": "0.26380000",
		"qty": "439.80000000",
		"quoteQty": "116.01924000",
		"time": 1660896008692,
		"isBuyerMaker": false,
		"isBestMatch": true
	},
	{
		"id": 232,
		"price": "0.26380000",
		"qty": "796.00000000",
		"quoteQty": "209.98480000",
		"time": 1660896008730,
		"isBuyerMaker": false,
		"isBestMatch": true
	},
	{
		"id": 233,
		"price": "0.26380000",
		"qty": "439.80000000",
		"quoteQty": "116.01924000",
		"time": 1660896008796,
		"isBuyerMaker": false,
		"isBestMatch": true
	},
	{
		"id": 234,
		"price": "0.26380000",
		"qty": "225.50000000",
		"quoteQty": "59.48690000",
		"time": 1660896008800,
		"isBuyerMaker": false,
		"isBestMatch": true
	},
	{
		"id": 235,
		"price": "0.26380000",
		"qty": "439.80000000",
		"quoteQty": "116.01924000",
		"time": 1660896008932,
		"isBuyerMaker": false,
		"isBestMatch": true
	},
	{
		"id": 236,
		"price": "0.26330000",
		"qty": "5909.00000000",
		"quoteQty": "1555.83970000",
		"time": 1660896008932,
		"isBuyerMaker": true,
		"isBestMatch": true
	},
	{
		"id": 237,
		"price": "0.26320000",
		"qty": "1139.80000000",
		"quoteQty": "299.99536000",
		"time": 1660896008932,
		"isBuyerMaker": true,
		"isBestMatch": true
	},
	{
		"id": 238,
		"price": "0.26300000",
		"qty": "31588.90000000",
		"quoteQty": "8307.88070000",
		"time": 1660896008932,
		"isBuyerMaker": true,
		"isBestMatch": true
	},
	{
		"id": 239,
		"price": "0.25820000",
		"qty": "341.60000000",
		"quoteQty": "88.20112000",
		"time": 1660896008932,
		"isBuyerMaker": true,
		"isBestMatch": true
	},
	{
		"id": 240,
		"price": "0.25810000",
		"qty": "74.40000000",
		"quoteQty": "19.20264000",
		"time": 1660896008932,
		"isBuyerMaker": true,
		"isBestMatch": true
	},
	{
		"id": 241,
		"price": "0.25760000",
		"qty": "2027.00000000",
		"quoteQty": "522.15520000",
		"time": 1660896008974,
		"isBuyerMaker": false,
		"isBestMatch": true
	},
	{
		"id": 242,
		"price": "0.25760000",
		"qty": "2027.00000000",
		"quoteQty": "522.15520000",
		"time": 1660896008980,
		"isBuyerMaker": false,
		"isBestMatch": true
	},
	{
		"id": 243,
		"price": "0.25760000",
		"qty": "1793.50000000",
		"quoteQty": "462.00560000",
		"time": 1660896008985,
		"isBuyerMaker": false,
		"isBestMatch": true
	},
	{
		"id": 244,
		"price": "0.26260000",
		"qty": "175.50000000",
		"quoteQty": "46.08630000",
		"time": 1660896009247,
		"isBuyerMaker": false,
		"isBestMatch": true
	},
	{
		"id": 245,
		"price": "0.26250000",
		"qty": "175.00000000",
		"quoteQty": "45.93750000",
		"time": 1660896009692,
		"isBuyerMaker": false,
		"isBestMatch": true
	},
	{
		"id": 246,
		"price": "0.26250000",
		"qty": "442.00000000",
		"quoteQty": "116.02500000",
		"time": 1660896009700,
		"isBuyerMaker": false,
		"isBestMatch": true
	},
	{
		"id": 247,
		"price": "0.26250000",
		"qty": "522.80000000",
		"quoteQty": "137.23500000",
		"time": 1660896009726,
		"isBuyerMaker": false,
		"isBestMatch": true
	},
	{
		"id": 248,
		"price": "0.26260000",
		"qty": "960.90000000",
		"quoteQty": "252.33234000",
		"time": 1660896009726,
		"isBuyerMaker": false,
		"isBestMatch": true
	},
	{
		"id": 249,
		"price": "0.26260000",
		"qty": "441.80000000",
		"quoteQty": "116.01668000",
		"time": 1660896009841,
		"isBuyerMaker": false,
		"isBestMatch": true
	},
	{
		"id": 250,
		"price": "0.26260000",
		"qty": "512.00000000",
		"quoteQty": "134.45120000",
		"time": 1660896009918,
		"isBuyerMaker": false,
		"isBestMatch": true
	},
	{
		"id": 251,
		"price": "0.26260000",
		"qty": "512.00000000",
		"quoteQty": "134.45120000",
		"time": 1660896009919,
		"isBuyerMaker": false,
		"isBestMatch": true
	},
	{
		"id": 252,
		"price": "0.26260000",
		"qty": "1093.10000000",
		"quoteQty": "287.04806000",
		"time": 1660896009953,
		"isBuyerMaker": false,
		"isBestMatch": true
	},
	{
		"id": 253,
		"price": "0.26260000",
		"qty": "441.80000000",
		"quoteQty": "116.01668000",
		"time": 1660896009959,
		"isBuyerMaker": false,
		"isBestMatch": true
	},
	{
		"id": 254,
		"price": "0.26260000",
		"qty": "1053.90000000",
		"quoteQty": "276.75414000",
		"time": 1660896009977,
		"isBuyerMaker": false,
		"isBestMatch": true
	},
	{
		"id": 255,
		"price": "0.26260000",
		"qty": "1053.90000000",
		"quoteQty": "276.75414000",
		"time": 1660896009980,
		"isBuyerMaker": false,
		"isBestMatch": true
	},
	{
		"id": 256,
		"price": "0.26260000",
		"qty": "782.00000000",
		"quoteQty": "205.35320000",
		"time": 1660896010004,
		"isBuyerMaker": false,
		"isBestMatch": true
	},
	{
		"id": 257,
		"price": "0.26260000",
		"qty": "867.00000000",
		"quoteQty": "227.67420000",
		"time": 1660896010039,
		"isBuyerMaker": false,
		"isBestMatch": true
	},
	{
		"id": 258,
		"price": "0.26260000",
		"qty": "74.10000000",
		"quoteQty": "19.45866000",
		"time": 1660896010045,
		"isBuyerMaker": false,
		"isBestMatch": true
	},
	{
		"id": 259,
		"price": "0.26320000",
		"qty": "370.20000000",
		"quoteQty": "97.43664000",
		"time": 1660896010097,
		"isBuyerMaker": false,
		"isBestMatch": true
	},
	{
		"id": 260,
		"price": "0.26370000",
		"qty": "341.60000000",
		"quoteQty": "90.07992000",
		"time": 1660896010447,
		"isBuyerMaker": false,
		"isBestMatch": true
	},
	{
		"id": 261,
		"price": "0.26260000",
		"qty": "1338.00000000",
		"quoteQty": "351.35880000",
		"time": 1660896010470,
		"isBuyerMaker": true,
		"isBestMatch": true
	},
	{
		"id": 262,
		"price": "0.26250000",
		"qty": "968.90000000",
		"quoteQty": "254.33625000",
		"time": 1660896010470,
		"isBuyerMaker": true,
		"isBestMatch": true
	},
	{
		"id": 263,
		"price": "0.26250000",
		"qty": "1024.20000000",
		"quoteQty": "268.85250000",
		"time": 1660896010470,
		"isBuyerMaker": true,
		"isBestMatch": true
	},
	{
		"id": 264,
		"price": "0.26420000",
		"qty": "3778.30000000",
		"quoteQty": "998.22686000",
		"time": 1660896010867,
		"isBuyerMaker": true,
		"isBestMatch": true
	},
	{
		"id": 265,
		"price": "0.26290000",
		"qty": "441.10000000",
		"quoteQty": "115.96519000",
		"time": 1660896010881,
		"isBuyerMaker": false,
		"isBestMatch": true
	},
	{
		"id": 266,
		"price": "0.26290000",
		"qty": "274.00000000",
		"quoteQty": "72.03460000",
		"time": 1660896010894,
		"isBuyerMaker": false,
		"isBestMatch": true
	},
	{
		"id": 267,
		"price": "0.26290000",
		"qty": "309.10000000",
		"quoteQty": "81.26239000",
		"time": 1660896010909,
		"isBuyerMaker": false,
		"isBestMatch": true
	},
	{
		"id": 268,
		"price": "0.26300000",
		"qty": "270.60000000",
		"quoteQty": "71.16780000",
		"time": 1660896010909,
		"isBuyerMaker": false,
		"isBestMatch": true
	},
	{
		"id": 269,
		"price": "0.26300000",
		"qty": "502.10000000",
		"quoteQty": "132.05230000",
		"time": 1660896010952,
		"isBuyerMaker": false,
		"isBestMatch": true
	},
	{
		"id": 270,
		"price": "0.26290000",
		"qty": "247.50000000",
		"quoteQty": "65.06775000",
		"time": 1660896010955,
		"isBuyerMaker": false,
		"isBestMatch": true
	},
	{
		"id": 271,
		"price": "0.26300000",
		"qty": "247.50000000",
		"quoteQty": "65.09250000",
		"time": 1660896010976,
		"isBuyerMaker": false,
		"isBestMatch": true
	},
	{
		"id": 272,
		"price": "0.26300000",
		"qty": "118.40000000",
		"quoteQty": "31.13920000",
		"time": 1660896011000,
		"isBuyerMaker": false,
		"isBestMatch": true
	},
	{
		"id": 273,
		"price": "0.26300000",
		"qty": "1542.00000000",
		"quoteQty": "405.54600000",
		"time": 1660896011012,
		"isBuyerMaker": false,
		"isBestMatch": true
	},
	{
		"id": 274,
		"price": "0.26300000",
		"qty": "294.30000000",
		"quoteQty": "77.40090000",
		"time": 1660896011030,
		"isBuyerMaker": false,
		"isBestMatch": true
	},
	{
		"id": 275,
		"price": "0.26300000",
		"qty": "294.30000000",
		"quoteQty": "77.40090000",
		"time": 1660896011033,
		"isBuyerMaker": false,
		"isBestMatch": true
	},
	{
		"id": 276,
		"price": "0.26290000",
		"qty": "441.30000000",
		"quoteQty": "116.01777000",
		"time": 1660896011059,
		"isBuyerMaker": false,
		"isBestMatch": true
	},
	{
		"id": 277,
		"price": "0.26270000",
		"qty": "3005.00000000",
		"quoteQty": "789.41350000",
		"time": 1660896011168,
		"isBuyerMaker": true,
		"isBestMatch": true
	},
	{
		"id": 278,
		"price": "0.26270000",
		"qty": "1016.70000000",
		"quoteQty": "267.08709000",
		"time": 1660896011168,
		"isBuyerMaker": true,
		"isBestMatch": true
	},
	{
		"id": 279,
		"price": "0.26270000",
		"qty": "1032.10000000",
		"quoteQty": "271.13267000",
		"time": 1660896011168,
		"isBuyerMaker": true,
		"isBestMatch": true
	},
	{
		"id": 280,
		"price": "0.26260000",
		"qty": "1142.40000000",
		"quoteQty": "299.99424000",
		"time": 1660896011168,
		"isBuyerMaker": true,
		"isBestMatch": true
	},
	{
		"id": 281,
		"price": "0.26250000",
		"qty": "1176.70000000",
		"quoteQty": "308.88375000",
		"time": 1660896011168,
		"isBuyerMaker": true,
		"isBestMatch": true
	},
	{
		"id": 282,
		"price": "0.25810000",
		"qty": "386.80000000",
		"quoteQty": "99.83308000",
		"time": 1660896011168,
		"isBuyerMaker": true,
		"isBestMatch": true
	},
	{
		"id": 283,
		"price": "0.25790000",
		"qty": "774.10000000",
		"quoteQty": "199.64039000",
		"time": 1660896011168,
		"isBuyerMaker": true,
		"isBestMatch": true
	},
	{
		"id": 284,
		"price": "0.25660000",
		"qty": "350.30000000",
		"quoteQty": "89.88698000",
		"time": 1660896011168,
		"isBuyerMaker": true,
		"isBestMatch": true
	},
	{
		"id": 285,
		"price": "0.25650000",
		"qty": "1910.50000000",
		"quoteQty": "490.04325000",
		"time": 1660896011168,
		"isBuyerMaker": true,
		"isBestMatch": true
	},
	{
		"id": 286,
		"price": "0.25470000",
		"qty": "72.00000000",
		"quoteQty": "18.33840000",
		"time": 1660896011168,
		"isBuyerMaker": true,
		"isBestMatch": true
	},
	{
		"id": 287,
		"price": "0.25460000",
		"qty": "392.80000000",
		"quoteQty": "100.00688000",
		"time": 1660896011168,
		"isBuyerMaker": true,
		"isBestMatch": true
	},
	{
		"id": 288,
		"price": "0.25450000",
		"qty": "2653.00000000",
		"quoteQty": "675.18850000",
		"time": 1660896011168,
		"isBuyerMaker": true,
		"isBestMatch": true
	},
	{
		"id": 289,
		"price": "0.25450000",
		"qty": "7938.40000000",
		"quoteQty": "2020.32280000",
		"time": 1660896011168,
		"isBuyerMaker": true,
		"isBestMatch": true
	},
	{
		"id": 290,
		"price": "0.25910000",
		"qty": "191.10000000",
		"quoteQty": "49.51401000",
		"time": 1660896011205,
		"isBuyerMaker": false,
		"isBestMatch": true
	},
	{
		"id": 291,
		"price": "0.25910000",
		"qty": "89.00000000",
		"quoteQty": "23.05990000",
		"time": 1660896011205,
		"isBuyerMaker": false,
		"isBestMatch": true
	},
	{
		"id": 292,
		"price": "0.25720000",
		"qty": "188.00000000",
		"quoteQty": "48.35360000",
		"time": 1660896011240,
		"isBuyerMaker": false,
		"isBestMatch": true
	},
	{
		"id": 293,
		"price": "0.25720000",
		"qty": "204.80000000",
		"quoteQty": "52.67456000",
		"time": 1660896011248,
		"isBuyerMaker": false,
		"isBestMatch": true
	},
	{
		"id": 294,
		"price": "0.25910000",
		"qty": "102.10000000",
		"quoteQty": "26.45411000",
		"time": 1660896011248,
		"isBuyerMaker": false,
		"isBestMatch": true
	},
	{
		"id": 295,
		"price": "0.25910000",
		"qty": "191.10000000",
		"quoteQty": "49.51401000",
		"time": 1660896011248,
		"isBuyerMaker": false,
		"isBestMatch": true
	},
	{
		"id": 296,
		"price": "0.25910000",
		"qty": "4.90000000",
		"quoteQty": "1.26959000",
		"time": 1660896011248,
		"isBuyerMaker": false,
		"isBestMatch": true
	},
	{
		"id": 297,
		"price": "0.25900000",
		"qty": "181.90000000",
		"quoteQty": "47.11210000",
		"time": 1660896011262,
		"isBuyerMaker": false,
		"isBestMatch": true
	},
	{
		"id": 298,
		"price": "0.25900000",
		"qty": "168.40000000",
		"quoteQty": "43.61560000",
		"time": 1660896011273,
		"isBuyerMaker": false,
		"isBestMatch": true
	},
	{
		"id": 299,
		"price": "0.25900000",
		"qty": "301.60000000",
		"quoteQty": "78.11440000",
		"time": 1660896011273,
		"isBuyerMaker": false,
		"isBestMatch": true
	},
	{
		"id": 300,
		"price": "0.25900000",
		"qty": "470.00000000",
		"quoteQty": "121.73000000",
		"time": 1660896011276,
		"isBuyerMaker": false,
		"isBestMatch": true
	},
	{
		"id": 301,
		"price": "0.25900000",
		"qty": "245.10000000",
		"quoteQty": "63.48090000",
		"time": 1660896011288,
		"isBuyerMaker": false,
		"isBestMatch": true
	},
	{
		"id": 302,
		"price": "0.25900000",
		"qty": "280.10000000",
		"quoteQty": "72.54590000",
		"time": 1660896011288,
		"isBuyerMaker": false,
		"isBestMatch": true
	},
	{
		"id": 303,
		"price": "0.25890000",
		"qty": "250.00000000",
		"quoteQty": "64.72500000",
		"time": 1660896011290,
		"isBuyerMaker": false,
		"isBestMatch": true
	},
	{
		"id": 304,
		"price": "0.25890000",
		"qty": "512.70000000",
		"quoteQty": "132.73803000",
		"time": 1660896011294,
		"isBuyerMaker": false,
		"isBestMatch": true
	},
	{
		"id": 305,
		"price": "0.25890000",
		"qty": "269.40000000",
		"quoteQty": "69.74766000",
		"time": 1660896011301,
		"isBuyerMaker": false,
		"isBestMatch": true
	},
	{
		"id": 306,
		"price": "0.25910000",
		"qty": "186.20000000",
		"quoteQty": "48.24442000",
		"time": 1660896011301,
		"isBuyerMaker": false,
		"isBestMatch": true
	},
	{
		"id": 307,
		"price": "0.25910000",
		"qty": "66.50000000",
		"quoteQty": "17.23015000",
		"time": 1660896011301,
		"isBuyerMaker": false,
		"isBestMatch": true
	},
	{
		"id": 308,
		"price": "0.25910000",
		"qty": "124.60000000",
		"quoteQty": "32.28386000",
		"time": 1660896011316,
		"isBuyerMaker": false,
		"isBestMatch": true
	},
	{
		"id": 309,
		"price": "0.25910000",
		"qty": "187.80000000",
		"quoteQty": "48.65898000",
		"time": 1660896011326,
		"isBuyerMaker": false,
		"isBestMatch": true
	},
	{
		"id": 310,
		"price": "0.25910000",
		"qty": "3.30000000",
		"quoteQty": "0.85503000",
		"time": 1660896011449,
		"isBuyerMaker": false,
		"isBestMatch": true
	},
	{
		"id": 311,
		"price": "0.25910000",
		"qty": "191.10000000",
		"quoteQty": "49.51401000",
		"time": 1660896011449,
		"isBuyerMaker": false,
		"isBestMatch": true
	},
	{
		"id": 312,
		"price": "0.25910000",
		"qty": "191.10000000",
		"quoteQty": "49.51401000",
		"time": 1660896011449,
		"isBuyerMaker": false,
		"isBestMatch": true
	},
	{
		"id": 313,
		"price": "0.25910000",
		"qty": "191.10000000",
		"quoteQty": "49.51401000",
		"time": 1660896011449,
		"isBuyerMaker": false,
		"isBestMatch": true
	},
	{
		"id": 314,
		"price": "0.25910000",
		"qty": "190.60000000",
		"quoteQty": "49.38446000",
		"time": 1660896011449,
		"isBuyerMaker": false,
		"isBestMatch": true
	},
	{
		"id": 315,
		"price": "0.26160000",
		"qty": "128.00000000",
		"quoteQty": "33.48480000",
		"time": 1660896011449,
		"isBuyerMaker": false,
		"isBestMatch": true
	},
	{
		"id": 316,
		"price": "0.26160000",
		"qty": "443.50000000",
		"quoteQty": "116.01960000",
		"time": 1660896011464,
		"isBuyerMaker": false,
		"isBestMatch": true
	},
	{
		"id": 317,
		"price": "0.26160000",
		"qty": "166.40000000",
		"quoteQty": "43.53024000",
		"time": 1660896011599,
		"isBuyerMaker": false,
		"isBestMatch": true
	},
	{
		"id": 318,
		"price": "0.26170000",
		"qty": "77.50000000",
		"quoteQty": "20.28175000",
		"time": 1660896011639,
		"isBuyerMaker": false,
		"isBestMatch": true
	},
	{
		"id": 319,
		"price": "0.26170000",
		"qty": "77.50000000",
		"quoteQty": "20.28175000",
		"time": 1660896011789,
		"isBuyerMaker": false,
		"isBestMatch": true
	},
	{
		"id": 320,
		"price": "0.26170000",
		"qty": "77.50000000",
		"quoteQty": "20.28175000",
		"time": 1660896011892,
		"isBuyerMaker": false,
		"isBestMatch": true
	},
	{
		"id": 321,
		"price": "0.26170000",
		"qty": "77.50000000",
		"quoteQty": "20.28175000",
		"time": 1660896011925,
		"isBuyerMaker": false,
		"isBestMatch": true
	},
	{
		"id": 322,
		"price": "0.26170000",
		"qty": "77.50000000",
		"quoteQty": "20.28175000",
		"time": 1660896011925,
		"isBuyerMaker": false,
		"isBestMatch": true
	},
	{
		"id": 323,
		"price": "0.26170000",
		"qty": "77.50000000",
		"quoteQty": "20.28175000",
		"time": 1660896011925,
		"isBuyerMaker": false,
		"isBestMatch": true
	},
	{
		"id": 324,
		"price": "0.26170000",
		"qty": "34.00000000",
		"quoteQty": "8.89780000",
		"time": 1660896011925,
		"isBuyerMaker": false,
		"isBestMatch": true
	},
	{
		"id": 325,
		"price": "0.26170000",
		"qty": "43.50000000",
		"quoteQty": "11.38395000",
		"time": 1660896011940,
		"isBuyerMaker": false,
		"isBestMatch": true
	},
	{
		"id": 326,
		"price": "0.26170000",
		"qty": "77.50000000",
		"quoteQty": "20.28175000",
		"time": 1660896011940,
		"isBuyerMaker": false,
		"isBestMatch": true
	},
	{
		"id": 327,
		"price": "0.26170000",
		"qty": "77.50000000",
		"quoteQty": "20.28175000",
		"time": 1660896011940,
		"isBuyerMaker": false,
		"isBestMatch": true
	},
	{
		"id": 328,
		"price": "0.26170000",
		"qty": "26.90000000",
		"quoteQty": "7.03973000",
		"time": 1660896011940,
		"isBuyerMaker": false,
		"isBestMatch": true
	},
	{
		"id": 329,
		"price": "0.26170000",
		"qty": "49.70000000",
		"quoteQty": "13.00649000",
		"time": 1660896012029,
		"isBuyerMaker": false,
		"isBestMatch": true
	},
	{
		"id": 330,
		"price": "0.25720000",
		"qty": "3778.30000000",
		"quoteQty": "971.77876000",
		"time": 1660896012102,
		"isBuyerMaker": true,
		"isBestMatch": true
	},
	{
		"id": 331,
		"price": "0.26290000",
		"qty": "441.30000000",
		"quoteQty": "116.01777000",
		"time": 1660896012208,
		"isBuyerMaker": false,
		"isBestMatch": true
	},
	{
		"id": 332,
		"price": "0.26290000",
		"qty": "441.30000000",
		"quoteQty": "116.01777000",
		"time": 1660896012234,
		"isBuyerMaker": false,
		"isBestMatch": true
	},
	{
		"id": 333,
		"price": "0.26290000",
		"qty": "259.80000000",
		"quoteQty": "68.30142000",
		"time": 1660896012310,
		"isBuyerMaker": false,
		"isBestMatch": true
	},
	{
		"id": 334,
		"price": "0.26300000",
		"qty": "290.20000000",
		"quoteQty": "76.32260000",
		"time": 1660896012310,
		"isBuyerMaker": false,
		"isBestMatch": true
	},
	{
		"id": 335,
		"price": "0.26300000",
		"qty": "139.90000000",
		"quoteQty": "36.79370000",
		"time": 1660896012385,
		"isBuyerMaker": false,
		"isBestMatch": true
	},
	{
		"id": 336,
		"price": "0.26300000",
		"qty": "193.40000000",
		"quoteQty": "50.86420000",
		"time": 1660896012404,
		"isBuyerMaker": false,
		"isBestMatch": true
	},
	{
		"id": 337,
		"price": "0.26300000",
		"qty": "379.40000000",
		"quoteQty": "99.78220000",
		"time": 1660896012489,
		"isBuyerMaker": false,
		"isBestMatch": true
	},
	{
		"id": 338,
		"price": "0.25870000",
		"qty": "3362.50000000",
		"quoteQty": "869.87875000",
		"time": 1660896012604,
		"isBuyerMaker": true,
		"isBestMatch": true
	},
	{
		"id": 339,
		"price": "0.26260000",
		"qty": "210.40000000",
		"quoteQty": "55.25104000",
		"time": 1660896012608,
		"isBuyerMaker": false,
		"isBestMatch": true
	},
	{
		"id": 340,
		"price": "0.26260000",
		"qty": "197.30000000",
		"quoteQty": "51.81098000",
		"time": 1660896012614,
		"isBuyerMaker": false,
		"isBestMatch": true
	},
	{
		"id": 341,
		"price": "0.26260000",
		"qty": "441.80000000",
		"quoteQty": "116.01668000",
		"time": 1660896012708,
		"isBuyerMaker": false,
		"isBestMatch": true
	},
	{
		"id": 342,
		"price": "0.26260000",
		"qty": "408.20000000",
		"quoteQty": "107.19332000",
		"time": 1660896012826,
		"isBuyerMaker": false,
		"isBestMatch": true
	},
	{
		"id": 343,
		"price": "0.26260000",
		"qty": "441.80000000",
		"quoteQty": "116.01668000",
		"time": 1660896013343,
		"isBuyerMaker": false,
		"isBestMatch": true
	},
	{
		"id": 344,
		"price": "0.26260000",
		"qty": "408.20000000",
		"quoteQty": "107.19332000",
		"time": 1660896013473,
		"isBuyerMaker": false,
		"isBestMatch": true
	},
	{
		"id": 345,
		"price": "0.26260000",
		"qty": "441.80000000",
		"quoteQty": "116.01668000",
		"time": 1660896013545,
		"isBuyerMaker": false,
		"isBestMatch": true
	},
	{
		"id": 346,
		"price": "0.26260000",
		"qty": "417.20000000",
		"quoteQty": "109.55672000",
		"time": 1660896013568,
		"isBuyerMaker": false,
		"isBestMatch": true
	},
	{
		"id": 347,
		"price": "0.26260000",
		"qty": "102.80000000",
		"quoteQty": "26.99528000",
		"time": 1660896013682,
		"isBuyerMaker": false,
		"isBestMatch": true
	},
	{
		"id": 348,
		"price": "0.26260000",
		"qty": "441.80000000",
		"quoteQty": "116.01668000",
		"time": 1660896013770,
		"isBuyerMaker": false,
		"isBestMatch": true
	},
	{
		"id": 349,
		"price": "0.26260000",
		"qty": "303.40000000",
		"quoteQty": "79.67284000",
		"time": 1660896013882,
		"isBuyerMaker": false,
		"isBestMatch": true
	},
	{
		"id": 350,
		"price": "0.26260000",
		"qty": "441.40000000",
		"quoteQty": "115.91164000",
		"time": 1660896014002,
		"isBuyerMaker": false,
		"isBestMatch": true
	},
	{
		"id": 351,
		"price": "0.26050000",
		"qty": "11484.00000000",
		"quoteQty": "2991.58200000",
		"time": 1660896014084,
		"isBuyerMaker": true,
		"isBestMatch": true
	},
	{
		"id": 352,
		"price": "0.26260000",
		"qty": "441.80000000",
		"quoteQty": "116.01668000",
		"time": 1660896014132,
		"isBuyerMaker": false,
		"isBestMatch": true
	},
	{
		"id": 353,
		"price": "0.26260000",
		"qty": "192.20000000",
		"quoteQty": "50.47172000",
		"time": 1660896014245,
		"isBuyerMaker": false,
		"isBestMatch": true
	},
	{
		"id": 354,
		"price": "0.26260000",
		"qty": "441.60000000",
		"quoteQty": "115.96416000",
		"time": 1660896014314,
		"isBuyerMaker": false,
		"isBestMatch": true
	},
	{
		"id": 355,
		"price": "0.26260000",
		"qty": "369.30000000",
		"quoteQty": "96.97818000",
		"time": 1660896014336,
		"isBuyerMaker": false,
		"isBestMatch": true
	},
	{
		"id": 356,
		"price": "0.26290000",
		"qty": "441.00000000",
		"quoteQty": "115.93890000",
		"time": 1660896014372,
		"isBuyerMaker": false,
		"isBestMatch": true
	},
	{
		"id": 357,
		"price": "0.26290000",
		"qty": "441.00000000",
		"quoteQty": "115.93890000",
		"time": 1660896014397,
		"isBuyerMaker": false,
		"isBestMatch": true
	},
	{
		"id": 358,
		"price": "0.26300000",
		"qty": "227.00000000",
		"quoteQty": "59.70100000",
		"time": 1660896014532,
		"isBuyerMaker": false,
		"isBestMatch": true
	},
	{
		"id": 359,
		"price": "0.26300000",
		"qty": "440.80000000",
		"quoteQty": "115.93040000",
		"time": 1660896014663,
		"isBuyerMaker": false,
		"isBestMatch": true
	},
	{
		"id": 360,
		"price": "0.26260000",
		"qty": "92.60000000",
		"quoteQty": "24.31676000",
		"time": 1660896014735,
		"isBuyerMaker": true,
		"isBestMatch": true
	},
	{
		"id": 361,
		"price": "0.26250000",
		"qty": "141.30000000",
		"quoteQty": "37.09125000",
		"time": 1660896014806,
		"isBuyerMaker": false,
		"isBestMatch": true
	},
	{
		"id": 362,
		"price": "0.26250000",
		"qty": "3105.80000000",
		"quoteQty": "815.27250000",
		"time": 1660896014825,
		"isBuyerMaker": false,
		"isBestMatch": true
	},
	{
		"id": 363,
		"price": "0.26300000",
		"qty": "3583.70000000",
		"quoteQty": "942.51310000",
		"time": 1660896014825,
		"isBuyerMaker": false,
		"isBestMatch": true
	},
	{
		"id": 364,
		"price": "0.26250000",
		"qty": "204.80000000",
		"quoteQty": "53.76000000",
		"time": 1660896014909,
		"isBuyerMaker": false,
		"isBestMatch": true
	},
	{
		"id": 365,
		"price": "0.26250000",
		"qty": "441.80000000",
		"quoteQty": "115.97250000",
		"time": 1660896015044,
		"isBuyerMaker": false,
		"isBestMatch": true
	},
	{
		"id": 366,
		"price": "0.26250000",
		"qty": "200.60000000",
		"quoteQty": "52.65750000",
		"time": 1660896015093,
		"isBuyerMaker": false,
		"isBestMatch": true
	},
	{
		"id": 367,
		"price": "0.26250000",
		"qty": "442.00000000",
		"quoteQty": "116.02500000",
		"time": 1660896015187,
		"isBuyerMaker": false,
		"isBestMatch": true
	},
	{
		"id": 368,
		"price": "0.26250000",
		"qty": "190.40000000",
		"quoteQty": "49.98000000",
		"time": 1660896015341,
		"isBuyerMaker": false,
		"isBestMatch": true
	},
	{
		"id": 369,
		"price": "0.26250000",
		"qty": "3775.50000000",
		"quoteQty": "991.06875000",
		"time": 1660896015448,
		"isBuyerMaker": false,
		"isBestMatch": true
	},
	{
		"id": 370,
		"price": "0.26250000",
		"qty": "442.00000000",
		"quoteQty": "116.02500000",
		"time": 1660896015613,
		"isBuyerMaker": false,
		"isBestMatch": true
	},
	{
		"id": 371,
		"price": "0.26250000",
		"qty": "86.10000000",
		"quoteQty": "22.60125000",
		"time": 1660896015887,
		"isBuyerMaker": false,
		"isBestMatch": true
	},
	{
		"id": 372,
		"price": "0.26250000",
		"qty": "441.90000000",
		"quoteQty": "115.99875000",
		"time": 1660896015955,
		"isBuyerMaker": false,
		"isBestMatch": true
	},
	{
		"id": 373,
		"price": "0.26250000",
		"qty": "37.80000000",
		"quoteQty": "9.92250000",
		"time": 1660896016094,
		"isBuyerMaker": false,
		"isBestMatch": true
	},
	{
		"id": 374,
		"price": "0.26250000",
		"qty": "442.00000000",
		"quoteQty": "116.02500000",
		"time": 1660896016100,
		"isBuyerMaker": false,
		"isBestMatch": true
	},
	{
		"id": 375,
		"price": "0.26250000",
		"qty": "442.00000000",
		"quoteQty": "116.02500000",
		"time": 1660896016162,
		"isBuyerMaker": false,
		"isBestMatch": true
	},
	{
		"id": 376,
		"price": "0.26250000",
		"qty": "442.00000000",
		"quoteQty": "116.02500000",
		"time": 1660896016284,
		"isBuyerMaker": false,
		"isBestMatch": true
	},
	{
		"id": 377,
		"price": "0.26250000",
		"qty": "442.00000000",
		"quoteQty": "116.02500000",
		"time": 1660896016433,
		"isBuyerMaker": false,
		"isBestMatch": true
	},
	{
		"id": 378,
		"price": "0.26250000",
		"qty": "442.00000000",
		"quoteQty": "116.02500000",
		"time": 1660896016510,
		"isBuyerMaker": false,
		"isBestMatch": true
	},
	{
		"id": 379,
		"price": "0.26250000",
		"qty": "442.00000000",
		"quoteQty": "116.02500000",
		"time": 1660896016700,
		"isBuyerMaker": false,
		"isBestMatch": true
	},
	{
		"id": 380,
		"price": "0.26250000",
		"qty": "442.00000000",
		"quoteQty": "116.02500000",
		"time": 1660896016779,
		"isBuyerMaker": false,
		"isBestMatch": true
	},
	{
		"id": 381,
		"price": "0.26250000",
		"qty": "3795.60000000",
		"quoteQty": "996.34500000",
		"time": 1660896016933,
		"isBuyerMaker": false,
		"isBestMatch": true
	},
	{
		"id": 382,
		"price": "0.26250000",
		"qty": "134.30000000",
		"quoteQty": "35.25375000",
		"time": 1660896017321,
		"isBuyerMaker": false,
		"isBestMatch": true
	},
	{
		"id": 383,
		"price": "0.26250000",
		"qty": "77.20000000",
		"quoteQty": "20.26500000",
		"time": 1660896017401,
		"isBuyerMaker": false,
		"isBestMatch": true
	},
	{
		"id": 384,
		"price": "0.26250000",
		"qty": "37.00000000",
		"quoteQty": "9.71250000",
		"time": 1660896017480,
		"isBuyerMaker": false,
		"isBestMatch": true
	},
	{
		"id": 385,
		"price": "0.26250000",
		"qty": "6854.00000000",
		"quoteQty": "1799.17500000",
		"time": 1660896017551,
		"isBuyerMaker": false,
		"isBestMatch": true
	},
	{
		"id": 386,
		"price": "0.26250000",
		"qty": "298.20000000",
		"quoteQty": "78.27750000",
		"time": 1660896017564,
		"isBuyerMaker": false,
		"isBestMatch": true
	},
	{
		"id": 387,
		"price": "0.26250000",
		"qty": "1387.00000000",
		"quoteQty": "364.08750000",
		"time": 1660896017566,
		"isBuyerMaker": false,
		"isBestMatch": true
	},
	{
		"id": 388,
		"price": "0.26250000",
		"qty": "441.80000000",
		"quoteQty": "115.97250000",
		"time": 1660896017622,
		"isBuyerMaker": false,
		"isBestMatch": true
	},
	{
		"id": 389,
		"price": "0.26250000",
		"qty": "428.40000000",
		"quoteQty": "112.45500000",
		"time": 1660896017780,
		"isBuyerMaker": false,
		"isBestMatch": true
	},
	{
		"id": 390,
		"price": "0.26250000",
		"qty": "441.60000000",
		"quoteQty": "115.92000000",
		"time": 1660896017944,
		"isBuyerMaker": false,
		"isBestMatch": true
	},
	{
		"id": 391,
		"price": "0.26250000",
		"qty": "442.00000000",
		"quoteQty": "116.02500000",
		"time": 1660896018053,
		"isBuyerMaker": false,
		"isBestMatch": true
	},
	{
		"id": 392,
		"price": "0.26200000",
		"qty": "972.90000000",
		"quoteQty": "254.89980000",
		"time": 1660896018150,
		"isBuyerMaker": true,
		"isBestMatch": true
	},
	{
		"id": 393,
		"price": "0.26190000",
		"qty": "1145.40000000",
		"quoteQty": "299.98026000",
		"time": 1660896018150,
		"isBuyerMaker": true,
		"isBestMatch": true
	},
	{
		"id": 394,
		"price": "0.26180000",
		"qty": "4478.10000000",
		"quoteQty": "1172.36658000",
		"time": 1660896018150,
		"isBuyerMaker": true,
		"isBestMatch": true
	},
	{
		"id": 395,
		"price": "0.26250000",
		"qty": "77.00000000",
		"quoteQty": "20.21250000",
		"time": 1660896018212,
		"isBuyerMaker": false,
		"isBestMatch": true
	},
	{
		"id": 396,
		"price": "0.26250000",
		"qty": "64.00000000",
		"quoteQty": "16.80000000",
		"time": 1660896018341,
		"isBuyerMaker": false,
		"isBestMatch": true
	},
	{
		"id": 397,
		"price": "0.26250000",
		"qty": "442.00000000",
		"quoteQty": "116.02500000",
		"time": 1660896018493,
		"isBuyerMaker": false,
		"isBestMatch": true
	},
	{
		"id": 398,
		"price": "0.26250000",
		"qty": "442.00000000",
		"quoteQty": "116.02500000",
		"time": 1660896018577,
		"isBuyerMaker": false,
		"isBestMatch": true
	},
	{
		"id": 399,
		"price": "0.26250000",
		"qty": "24.90000000",
		"quoteQty": "6.53625000",
		"time": 1660896018931,
		"isBuyerMaker": false,
		"isBestMatch": true
	},
	{
		"id": 400,
		"price": "0.26260000",
		"qty": "45.50000000",
		"quoteQty": "11.94830000",
		"time": 1660896018931,
		"isBuyerMaker": false,
		"isBestMatch": true
	},
	{
		"id": 401,
		"price": "0.26210000",
		"qty": "77.90000000",
		"quoteQty": "20.41759000",
		"time": 1660896019102,
		"isBuyerMaker": true,
		"isBestMatch": true
	},
	{
		"id": 402,
		"price": "0.26260000",
		"qty": "38.00000000",
		"quoteQty": "9.97880000",
		"time": 1660896019111,
		"isBuyerMaker": false,
		"isBestMatch": true
	},
	{
		"id": 403,
		"price": "0.26260000",
		"qty": "441.80000000",
		"quoteQty": "116.01668000",
		"time": 1660896020045,
		"isBuyerMaker": false,
		"isBestMatch": true
	},
	{
		"id": 404,
		"price": "0.26260000",
		"qty": "441.80000000",
		"quoteQty": "116.01668000",
		"time": 1660896020078,
		"isBuyerMaker": false,
		"isBestMatch": true
	},
	{
		"id": 405,
		"price": "0.26260000",
		"qty": "174.20000000",
		"quoteQty": "45.74492000",
		"time": 1660896020100,
		"isBuyerMaker": false,
		"isBestMatch": true
	},
	{
		"id": 406,
		"price": "0.26220000",
		"qty": "1513.00000000",
		"quoteQty": "396.70860000",
		"time": 1660896020318,
		"isBuyerMaker": true,
		"isBestMatch": true
	},
	{
		"id": 407,
		"price": "0.26220000",
		"qty": "1849.50000000",
		"quoteQty": "484.93890000",
		"time": 1660896020318,
		"isBuyerMaker": true,
		"isBestMatch": true
	},
	{
		"id": 408,
		"price": "0.26260000",
		"qty": "13.50000000",
		"quoteQty": "3.54510000",
		"time": 1660896020765,
		"isBuyerMaker": false,
		"isBestMatch": true
	},
	{
		"id": 409,
		"price": "0.26290000",
		"qty": "605.90000000",
		"quoteQty": "159.29111000",
		"time": 1660896020765,
		"isBuyerMaker": false,
		"isBestMatch": true
	},
	{
		"id": 410,
		"price": "0.26290000",
		"qty": "509.50000000",
		"quoteQty": "133.94755000",
		"time": 1660896020911,
		"isBuyerMaker": false,
		"isBestMatch": true
	},
	{
		"id": 411,
		"price": "0.26220000",
		"qty": "852.80000000",
		"quoteQty": "223.60416000",
		"time": 1660896021165,
		"isBuyerMaker": true,
		"isBestMatch": true
	},
	{
		"id": 412,
		"price": "0.26220000",
		"qty": "39.00000000",
		"quoteQty": "10.22580000",
		"time": 1660896021183,
		"isBuyerMaker": true,
		"isBestMatch": true
	},
	{
		"id": 413,
		"price": "0.26290000",
		"qty": "30.00000000",
		"quoteQty": "7.88700000",
		"time": 1660896022816,
		"isBuyerMaker": false,
		"isBestMatch": true
	},
	{
		"id": 414,
		"price": "0.26300000",
		"qty": "78.50000000",
		"quoteQty": "20.64550000",
		"time": 1660896022816,
		"isBuyerMaker": false,
		"isBestMatch": true
	},
	{
		"id": 415,
		"price": "0.26260000",
		"qty": "76.00000000",
		"quoteQty": "19.95760000",
		"time": 1660896022879,
		"isBuyerMaker": true,
		"isBestMatch": true
	},
	{
		"id": 416,
		"price": "0.26220000",
		"qty": "1681.00000000",
		"quoteQty": "440.75820000",
		"time": 1660896022879,
		"isBuyerMaker": true,
		"isBestMatch": true
	},
	{
		"id": 417,
		"price": "0.26210000",
		"qty": "365.90000000",
		"quoteQty": "95.90239000",
		"time": 1660896022879,
		"isBuyerMaker": true,
		"isBestMatch": true
	},
	{
		"id": 418,
		"price": "0.26210000",
		"qty": "1216.70000000",
		"quoteQty": "318.89707000",
		"time": 1660896022879,
		"isBuyerMaker": true,
		"isBestMatch": true
	},
	{
		"id": 419,
		"price": "0.26220000",
		"qty": "1001.30000000",
		"quoteQty": "262.54086000",
		"time": 1660896023275,
		"isBuyerMaker": true,
		"isBestMatch": true
	},
	{
		"id": 420,
		"price": "0.26220000",
		"qty": "874.00000000",
		"quoteQty": "229.16280000",
		"time": 1660896023275,
		"isBuyerMaker": true,
		"isBestMatch": true
	},
	{
		"id": 421,
		"price": "0.26300000",
		"qty": "2010.80000000",
		"quoteQty": "528.84040000",
		"time": 1660896027107,
		"isBuyerMaker": false,
		"isBestMatch": true
	},
	{
		"id": 422,
		"price": "0.26300000",
		"qty": "41.90000000",
		"quoteQty": "11.01970000",
		"time": 1660896029012,
		"isBuyerMaker": false,
		"isBestMatch": true
	},
	{
		"id": 423,
		"price": "0.26300000",
		"qty": "188.00000000",
		"quoteQty": "49.44400000",
		"time": 1660896030501,
		"isBuyerMaker": false,
		"isBestMatch": true
	},
	{
		"id": 424,
		"price": "0.26300000",
		"qty": "441.10000000",
		"quoteQty": "116.00930000",
		"time": 1660896030638,
		"isBuyerMaker": false,
		"isBestMatch": true
	},
	{
		"id": 425,
		"price": "0.26300000",
		"qty": "96.00000000",
		"quoteQty": "25.24800000",
		"time": 1660896030706,
		"isBuyerMaker": false,
		"isBestMatch": true
	},
	{
		"id": 426,
		"price": "0.26300000",
		"qty": "441.00000000",
		"quoteQty": "115.98300000",
		"time": 1660896030839,
		"isBuyerMaker": false,
		"isBestMatch": true
	},
	{
		"id": 427,
		"price": "0.26300000",
		"qty": "320.00000000",
		"quoteQty": "84.16000000",
		"time": 1660896030865,
		"isBuyerMaker": false,
		"isBestMatch": true
	},
	{
		"id": 428,
		"price": "0.26300000",
		"qty": "441.00000000",
		"quoteQty": "115.98300000",
		"time": 1660896031507,
		"isBuyerMaker": false,
		"isBestMatch": true
	},
	{
		"id": 429,
		"price": "0.26300000",
		"qty": "441.00000000",
		"quoteQty": "115.98300000",
		"time": 1660896031575,
		"isBuyerMaker": false,
		"isBestMatch": true
	},
	{
		"id": 430,
		"price": "0.26300000",
		"qty": "441.00000000",
		"quoteQty": "115.98300000",
		"time": 1660896031696,
		"isBuyerMaker": false,
		"isBestMatch": true
	},
	{
		"id": 431,
		"price": "0.26300000",
		"qty": "3657.00000000",
		"quoteQty": "961.79100000",
		"time": 1660896031752,
		"isBuyerMaker": false,
		"isBestMatch": true
	},
	{
		"id": 432,
		"price": "0.26300000",
		"qty": "572.00000000",
		"quoteQty": "150.43600000",
		"time": 1660896031785,
		"isBuyerMaker": false,
		"isBestMatch": true
	},
	{
		"id": 433,
		"price": "0.26300000",
		"qty": "441.00000000",
		"quoteQty": "115.98300000",
		"time": 1660896031830,
		"isBuyerMaker": false,
		"isBestMatch": true
	},
	{
		"id": 434,
		"price": "0.26300000",
		"qty": "3670.00000000",
		"quoteQty": "965.21000000",
		"time": 1660896031851,
		"isBuyerMaker": false,
		"isBestMatch": true
	},
	{
		"id": 435,
		"price": "0.26300000",
		"qty": "441.00000000",
		"quoteQty": "115.98300000",
		"time": 1660896031946,
		"isBuyerMaker": false,
		"isBestMatch": true
	},
	{
		"id": 436,
		"price": "0.26300000",
		"qty": "3682.00000000",
		"quoteQty": "968.36600000",
		"time": 1660896031970,
		"isBuyerMaker": false,
		"isBestMatch": true
	},
	{
		"id": 437,
		"price": "0.26300000",
		"qty": "3695.00000000",
		"quoteQty": "971.78500000",
		"time": 1660896032054,
		"isBuyerMaker": false,
		"isBestMatch": true
	},
	{
		"id": 438,
		"price": "0.26300000",
		"qty": "441.00000000",
		"quoteQty": "115.98300000",
		"time": 1660896032064,
		"isBuyerMaker": false,
		"isBestMatch": true
	},
	{
		"id": 439,
		"price": "0.26290000",
		"qty": "1849.60000000",
		"quoteQty": "486.25984000",
		"time": 1660896032072,
		"isBuyerMaker": true,
		"isBestMatch": true
	},
	{
		"id": 440,
		"price": "0.26300000",
		"qty": "572.00000000",
		"quoteQty": "150.43600000",
		"time": 1660896032106,
		"isBuyerMaker": false,
		"isBestMatch": true
	},
	{
		"id": 441,
		"price": "0.26300000",
		"qty": "3707.00000000",
		"quoteQty": "974.94100000",
		"time": 1660896032177,
		"isBuyerMaker": false,
		"isBestMatch": true
	},
	{
		"id": 442,
		"price": "0.26300000",
		"qty": "441.00000000",
		"quoteQty": "115.98300000",
		"time": 1660896032188,
		"isBuyerMaker": false,
		"isBestMatch": true
	},
	{
		"id": 443,
		"price": "0.26260000",
		"qty": "164.40000000",
		"quoteQty": "43.17144000",
		"time": 1660896032372,
		"isBuyerMaker": true,
		"isBestMatch": true
	},
	{
		"id": 444,
		"price": "0.26230000",
		"qty": "51.10000000",
		"quoteQty": "13.40353000",
		"time": 1660896032372,
		"isBuyerMaker": true,
		"isBestMatch": true
	},
	{
		"id": 445,
		"price": "0.26220000",
		"qty": "0.20000000",
		"quoteQty": "0.05244000",
		"time": 1660896032372,
		"isBuyerMaker": true,
		"isBestMatch": true
	},
	{
		"id": 446,
		"price": "0.26290000",
		"qty": "403.50000000",
		"quoteQty": "106.08015000",
		"time": 1660896032746,
		"isBuyerMaker": false,
		"isBestMatch": true
	},
	{
		"id": 447,
		"price": "0.26290000",
		"qty": "579.60000000",
		"quoteQty": "152.37684000",
		"time": 1660896032914,
		"isBuyerMaker": false,
		"isBestMatch": true
	},
	{
		"id": 448,
		"price": "0.26290000",
		"qty": "18.20000000",
		"quoteQty": "4.78478000",
		"time": 1660896033140,
		"isBuyerMaker": false,
		"isBestMatch": true
	},
	{
		"id": 449,
		"price": "0.26290000",
		"qty": "117.80000000",
		"quoteQty": "30.96962000",
		"time": 1660896033140,
		"isBuyerMaker": false,
		"isBestMatch": true
	},
	{
		"id": 450,
		"price": "0.26290000",
		"qty": "774.00000000",
		"quoteQty": "203.48460000",
		"time": 1660896033193,
		"isBuyerMaker": false,
		"isBestMatch": true
	},
	{
		"id": 451,
		"price": "0.26290000",
		"qty": "874.00000000",
		"quoteQty": "229.77460000",
		"time": 1660896033193,
		"isBuyerMaker": false,
		"isBestMatch": true
	},
	{
		"id": 452,
		"price": "0.26300000",
		"qty": "6320.10000000",
		"quoteQty": "1662.18630000",
		"time": 1660896033193,
		"isBuyerMaker": false,
		"isBestMatch": true
	},
	{
		"id": 453,
		"price": "0.26300000",
		"qty": "319.20000000",
		"quoteQty": "83.94960000",
		"time": 1660896033282,
		"isBuyerMaker": false,
		"isBestMatch": true
	},
	{
		"id": 454,
		"price": "0.26300000",
		"qty": "440.50000000",
		"quoteQty": "115.85150000",
		"time": 1660896033288,
		"isBuyerMaker": false,
		"isBestMatch": true
	},
	{
		"id": 455,
		"price": "0.26300000",
		"qty": "441.00000000",
		"quoteQty": "115.98300000",
		"time": 1660896033404,
		"isBuyerMaker": false,
		"isBestMatch": true
	},
	{
		"id": 456,
		"price": "0.26300000",
		"qty": "441.00000000",
		"quoteQty": "115.98300000",
		"time": 1660896033495,
		"isBuyerMaker": false,
		"isBestMatch": true
	},
	{
		"id": 457,
		"price": "0.26300000",
		"qty": "313.20000000",
		"quoteQty": "82.37160000",
		"time": 1660896033606,
		"isBuyerMaker": false,
		"isBestMatch": true
	},
	{
		"id": 458,
		"price": "0.26300000",
		"qty": "440.80000000",
		"quoteQty": "115.93040000",
		"time": 1660896033686,
		"isBuyerMaker": false,
		"isBestMatch": true
	},
	{
		"id": 459,
		"price": "0.26300000",
		"qty": "313.20000000",
		"quoteQty": "82.37160000",
		"time": 1660896033787,
		"isBuyerMaker": false,
		"isBestMatch": true
	},
	{
		"id": 460,
		"price": "0.26300000",
		"qty": "440.80000000",
		"quoteQty": "115.93040000",
		"time": 1660896033862,
		"isBuyerMaker": false,
		"isBestMatch": true
	},
	{
		"id": 461,
		"price": "0.26300000",
		"qty": "203.10000000",
		"quoteQty": "53.41530000",
		"time": 1660896033914,
		"isBuyerMaker": false,
		"isBestMatch": true
	},
	{
		"id": 462,
		"price": "0.26300000",
		"qty": "440.90000000",
		"quoteQty": "115.95670000",
		"time": 1660896034021,
		"isBuyerMaker": false,
		"isBestMatch": true
	},
	{
		"id": 463,
		"price": "0.26300000",
		"qty": "281.00000000",
		"quoteQty": "73.90300000",
		"time": 1660896034162,
		"isBuyerMaker": false,
		"isBestMatch": true
	},
	{
		"id": 464,
		"price": "0.26300000",
		"qty": "441.00000000",
		"quoteQty": "115.98300000",
		"time": 1660896034713,
		"isBuyerMaker": false,
		"isBestMatch": true
	},
	{
		"id": 465,
		"price": "0.26300000",
		"qty": "427.00000000",
		"quoteQty": "112.30100000",
		"time": 1660896034774,
		"isBuyerMaker": false,
		"isBestMatch": true
	},
	{
		"id": 466,
		"price": "0.26300000",
		"qty": "1231.00000000",
		"quoteQty": "323.75300000",
		"time": 1660896034857,
		"isBuyerMaker": false,
		"isBestMatch": true
	},
	{
		"id": 467,
		"price": "0.26300000",
		"qty": "190.10000000",
		"quoteQty": "49.99630000",
		"time": 1660896036321,
		"isBuyerMaker": false,
		"isBestMatch": true
	},
	{
		"id": 468,
		"price": "0.26300000",
		"qty": "155.90000000",
		"quoteQty": "41.00170000",
		"time": 1660896036440,
		"isBuyerMaker": false,
		"isBestMatch": true
	},
	{
		"id": 469,
		"price": "0.26300000",
		"qty": "64.60000000",
		"quoteQty": "16.98980000",
		"time": 1660896036613,
		"isBuyerMaker": false,
		"isBestMatch": true
	},
	{
		"id": 470,
		"price": "0.26300000",
		"qty": "364.40000000",
		"quoteQty": "95.83720000",
		"time": 1660896036987,
		"isBuyerMaker": false,
		"isBestMatch": true
	},
	{
		"id": 471,
		"price": "0.26260000",
		"qty": "58.00000000",
		"quoteQty": "15.23080000",
		"time": 1660896037391,
		"isBuyerMaker": false,
		"isBestMatch": true
	},
	{
		"id": 472,
		"price": "0.26260000",
		"qty": "58.00000000",
		"quoteQty": "15.23080000",
		"time": 1660896037391,
		"isBuyerMaker": false,
		"isBestMatch": true
	},
	{
		"id": 473,
		"price": "0.26260000",
		"qty": "58.00000000",
		"quoteQty": "15.23080000",
		"time": 1660896037391,
		"isBuyerMaker": false,
		"isBestMatch": true
	},
	{
		"id": 474,
		"price": "0.26260000",
		"qty": "58.00000000",
		"quoteQty": "15.23080000",
		"time": 1660896037391,
		"isBuyerMaker": false,
		"isBestMatch": true
	},
	{
		"id": 475,
		"price": "0.26260000",
		"qty": "58.00000000",
		"quoteQty": "15.23080000",
		"time": 1660896037391,
		"isBuyerMaker": false,
		"isBestMatch": true
	},
	{
		"id": 476,
		"price": "0.26260000",
		"qty": "58.00000000",
		"quoteQty": "15.23080000",
		"time": 1660896037391,
		"isBuyerMaker": false,
		"isBestMatch": true
	},
	{
		"id": 477,
		"price": "0.26260000",
		"qty": "11.60000000",
		"quoteQty": "3.04616000",
		"time": 1660896037391,
		"isBuyerMaker": false,
		"isBestMatch": true
	},
	{
		"id": 478,
		"price": "0.26260000",
		"qty": "46.40000000",
		"quoteQty": "12.18464000",
		"time": 1660896037786,
		"isBuyerMaker": false,
		"isBestMatch": true
	},
	{
		"id": 479,
		"price": "0.26260000",
		"qty": "58.00000000",
		"quoteQty": "15.23080000",
		"time": 1660896037786,
		"isBuyerMaker": false,
		"isBestMatch": true
	},
	{
		"id": 480,
		"price": "0.26260000",
		"qty": "58.00000000",
		"quoteQty": "15.23080000",
		"time": 1660896037786,
		"isBuyerMaker": false,
		"isBestMatch": true
	},
	{
		"id": 481,
		"price": "0.26260000",
		"qty": "57.60000000",
		"quoteQty": "15.12576000",
		"time": 1660896037786,
		"isBuyerMaker": false,
		"isBestMatch": true
	},
	{
		"id": 482,
		"price": "0.26300000",
		"qty": "450.60000000",
		"quoteQty": "118.50780000",
		"time": 1660896037786,
		"isBuyerMaker": false,
		"isBestMatch": true
	},
	{
		"id": 483,
		"price": "0.26300000",
		"qty": "71.90000000",
		"quoteQty": "18.90970000",
		"time": 1660896037911,
		"isBuyerMaker": false,
		"isBestMatch": true
	},
	{
		"id": 484,
		"price": "0.26300000",
		"qty": "51.40000000",
		"quoteQty": "13.51820000",
		"time": 1660896039085,
		"isBuyerMaker": false,
		"isBestMatch": true
	},
	{
		"id": 485,
		"price": "0.26300000",
		"qty": "125.50000000",
		"quoteQty": "33.00650000",
		"time": 1660896040943,
		"isBuyerMaker": false,
		"isBestMatch": true
	},
	{
		"id": 486,
		"price": "0.26300000",
		"qty": "314.30000000",
		"quoteQty": "82.66090000",
		"time": 1660896043882,
		"isBuyerMaker": false,
		"isBestMatch": true
	},
	{
		"id": 487,
		"price": "0.26300000",
		"qty": "408.90000000",
		"quoteQty": "107.54070000",
		"time": 1660896044026,
		"isBuyerMaker": false,
		"isBestMatch": true
	},
	{
		"id": 488,
		"price": "0.26300000",
		"qty": "447.40000000",
		"quoteQty": "117.66620000",
		"time": 1660896044421,
		"isBuyerMaker": false,
		"isBestMatch": true
	},
	{
		"id": 489,
		"price": "0.26300000",
		"qty": "187.40000000",
		"quoteQty": "49.28620000",
		"time": 1660896044749,
		"isBuyerMaker": false,
		"isBestMatch": true
	},
	{
		"id": 490,
		"price": "0.26300000",
		"qty": "440.70000000",
		"quoteQty": "115.90410000",
		"time": 1660896044876,
		"isBuyerMaker": false,
		"isBestMatch": true
	},
	{
		"id": 491,
		"price": "0.26300000",
		"qty": "221.90000000",
		"quoteQty": "58.35970000",
		"time": 1660896044982,
		"isBuyerMaker": false,
		"isBestMatch": true
	},
	{
		"id": 492,
		"price": "0.26290000",
		"qty": "58.10000000",
		"quoteQty": "15.27449000",
		"time": 1660896045009,
		"isBuyerMaker": true,
		"isBestMatch": true
	},
	{
		"id": 493,
		"price": "0.26230000",
		"qty": "1231.20000000",
		"quoteQty": "322.94376000",
		"time": 1660896045009,
		"isBuyerMaker": true,
		"isBestMatch": true
	},
	{
		"id": 494,
		"price": "0.26220000",
		"qty": "1174.90000000",
		"quoteQty": "308.05878000",
		"time": 1660896045009,
		"isBuyerMaker": true,
		"isBestMatch": true
	},
	{
		"id": 495,
		"price": "0.26220000",
		"qty": "54.70000000",
		"quoteQty": "14.34234000",
		"time": 1660896045009,
		"isBuyerMaker": true,
		"isBestMatch": true
	},
	{
		"id": 496,
		"price": "0.26220000",
		"qty": "38.40000000",
		"quoteQty": "10.06848000",
		"time": 1660896045009,
		"isBuyerMaker": true,
		"isBestMatch": true
	},
	{
		"id": 497,
		"price": "0.26040000",
		"qty": "1152.00000000",
		"quoteQty": "299.98080000",
		"time": 1660896045009,
		"isBuyerMaker": true,
		"isBestMatch": true
	},
	{
		"id": 498,
		"price": "0.26030000",
		"qty": "12316.00000000",
		"quoteQty": "3205.85480000",
		"time": 1660896045009,
		"isBuyerMaker": true,
		"isBestMatch": true
	},
	{
		"id": 499,
		"price": "0.26000000",
		"qty": "203.00000000",
		"quoteQty": "52.78000000",
		"time": 1660896045009,
		"isBuyerMaker": true,
		"isBestMatch": true
	},
	{
		"id": 500,
		"price": "0.25710000",
		"qty": "352.60000000",
		"quoteQty": "90.65346000",
		"time": 1660896045009,
		"isBuyerMaker": true,
		"isBestMatch": true
	},
	{
		"id": 501,
		"price": "0.25680000",
		"qty": "116.70000000",
		"quoteQty": "29.96856000",
		"time": 1660896045009,
		"isBuyerMaker": true,
		"isBestMatch": true
	},
	{
		"id": 502,
		"price": "0.25680000",
		"qty": "116.70000000",
		"quoteQty": "29.96856000",
		"time": 1660896045009,
		"isBuyerMaker": true,
		"isBestMatch": true
	},
	{
		"id": 503,
		"price": "0.25680000",
		"qty": "116.70000000",
		"quoteQty": "29.96856000",
		"time": 1660896045009,
		"isBuyerMaker": true,
		"isBestMatch": true
	},
	{
		"id": 504,
		"price": "0.25680000",
		"qty": "116.70000000",
		"quoteQty": "29.96856000",
		"time": 1660896045009,
		"isBuyerMaker": true,
		"isBestMatch": true
	},
	{
		"id": 505,
		"price": "0.25680000",
		"qty": "116.70000000",
		"quoteQty": "29.96856000",
		"time": 1660896045009,
		"isBuyerMaker": true,
		"isBestMatch": true
	},
	{
		"id": 506,
		"price": "0.25680000",
		"qty": "116.70000000",
		"quoteQty": "29.96856000",
		"time": 1660896045009,
		"isBuyerMaker": true,
		"isBestMatch": true
	},
	{
		"id": 507,
		"price": "0.25680000",
		"qty": "116.70000000",
		"quoteQty": "29.96856000",
		"time": 1660896045009,
		"isBuyerMaker": true,
		"isBestMatch": true
	},
	{
		"id": 508,
		"price": "0.25680000",
		"qty": "116.70000000",
		"quoteQty": "29.96856000",
		"time": 1660896045009,
		"isBuyerMaker": true,
		"isBestMatch": true
	},
	{
		"id": 509,
		"price": "0.25680000",
		"qty": "116.70000000",
		"quoteQty": "29.96856000",
		"time": 1660896045009,
		"isBuyerMaker": true,
		"isBestMatch": true
	},
	{
		"id": 510,
		"price": "0.25680000",
		"qty": "115.80000000",
		"quoteQty": "29.73744000",
		"time": 1660896045009,
		"isBuyerMaker": true,
		"isBestMatch": true
	},
	{
		"id": 511,
		"price": "0.25660000",
		"qty": "1909.70000000",
		"quoteQty": "490.02902000",
		"time": 1660896045009,
		"isBuyerMaker": true,
		"isBestMatch": true
	},
	{
		"id": 512,
		"price": "0.25630000",
		"qty": "1026.90000000",
		"quoteQty": "263.19447000",
		"time": 1660896045009,
		"isBuyerMaker": true,
		"isBestMatch": true
	},
	{
		"id": 513,
		"price": "0.25580000",
		"qty": "678.20000000",
		"quoteQty": "173.48356000",
		"time": 1660896045009,
		"isBuyerMaker": true,
		"isBestMatch": true
	},
	{
		"id": 514,
		"price": "0.25510000",
		"qty": "573.80000000",
		"quoteQty": "146.37638000",
		"time": 1660896045009,
		"isBuyerMaker": true,
		"isBestMatch": true
	},
	{
		"id": 515,
		"price": "0.25430000",
		"qty": "117.70000000",
		"quoteQty": "29.93111000",
		"time": 1660896045009,
		"isBuyerMaker": true,
		"isBestMatch": true
	},
	{
		"id": 516,
		"price": "0.25410000",
		"qty": "1740.40000000",
		"quoteQty": "442.23564000",
		"time": 1660896045009,
		"isBuyerMaker": true,
		"isBestMatch": true
	},
	{
		"id": 517,
		"price": "0.25400000",
		"qty": "4217.30000000",
		"quoteQty": "1071.19420000",
		"time": 1660896045009,
		"isBuyerMaker": true,
		"isBestMatch": true
	},
	{
		"id": 518,
		"price": "0.25330000",
		"qty": "1172.60000000",
		"quoteQty": "297.01958000",
		"time": 1660896045009,
		"isBuyerMaker": true,
		"isBestMatch": true
	},
	{
		"id": 519,
		"price": "0.25330000",
		"qty": "1172.60000000",
		"quoteQty": "297.01958000",
		"time": 1660896045009,
		"isBuyerMaker": true,
		"isBestMatch": true
	},
	{
		"id": 520,
		"price": "0.25330000",
		"qty": "1172.60000000",
		"quoteQty": "297.01958000",
		"time": 1660896045009,
		"isBuyerMaker": true,
		"isBestMatch": true
	},
	{
		"id": 521,
		"price": "0.25330000",
		"qty": "1172.60000000",
		"quoteQty": "297.01958000",
		"time": 1660896045009,
		"isBuyerMaker": true,
		"isBestMatch": true
	},
	{
		"id": 522,
		"price": "0.25330000",
		"qty": "1172.60000000",
		"quoteQty": "297.01958000",
		"time": 1660896045009,
		"isBuyerMaker": true,
		"isBestMatch": true
	},
	{
		"id": 523,
		"price": "0.25330000",
		"qty": "1172.60000000",
		"quoteQty": "297.01958000",
		"time": 1660896045009,
		"isBuyerMaker": true,
		"isBestMatch": true
	},
	{
		"id": 524,
		"price": "0.25330000",
		"qty": "1172.60000000",
		"quoteQty": "297.01958000",
		"time": 1660896045009,
		"isBuyerMaker": true,
		"isBestMatch": true
	},
	{
		"id": 525,
		"price": "0.25330000",
		"qty": "1172.60000000",
		"quoteQty": "297.01958000",
		"time": 1660896045009,
		"isBuyerMaker": true,
		"isBestMatch": true
	},
	{
		"id": 526,
		"price": "0.25330000",
		"qty": "1172.60000000",
		"quoteQty": "297.01958000",
		"time": 1660896045009,
		"isBuyerMaker": true,
		"isBestMatch": true
	},
	{
		"id": 527,
		"price": "0.25330000",
		"qty": "1171.80000000",
		"quoteQty": "296.81694000",
		"time": 1660896045009,
		"isBuyerMaker": true,
		"isBestMatch": true
	},
	{
		"id": 528,
		"price": "0.25320000",
		"qty": "14164.70000000",
		"quoteQty": "3586.50204000",
		"time": 1660896045009,
		"isBuyerMaker": true,
		"isBestMatch": true
	},
	{
		"id": 529,
		"price": "0.25290000",
		"qty": "7894.40000000",
		"quoteQty": "1996.49376000",
		"time": 1660896045009,
		"isBuyerMaker": true,
		"isBestMatch": true
	},
	{
		"id": 530,
		"price": "0.25270000",
		"qty": "708.00000000",
		"quoteQty": "178.91160000",
		"time": 1660896045009,
		"isBuyerMaker": true,
		"isBestMatch": true
	},
	{
		"id": 531,
		"price": "0.25260000",
		"qty": "395.80000000",
		"quoteQty": "99.97908000",
		"time": 1660896045009,
		"isBuyerMaker": true,
		"isBestMatch": true
	},
	{
		"id": 532,
		"price": "0.25130000",
		"qty": "198.60000000",
		"quoteQty": "49.90818000",
		"time": 1660896045009,
		"isBuyerMaker": true,
		"isBestMatch": true
	},
	{
		"id": 533,
		"price": "0.24950000",
		"qty": "595.10000000",
		"quoteQty": "148.47745000",
		"time": 1660896045009,
		"isBuyerMaker": true,
		"isBestMatch": true
	},
	{
		"id": 534,
		"price": "0.24920000",
		"qty": "7945.40000000",
		"quoteQty": "1979.99368000",
		"time": 1660896045009,
		"isBuyerMaker": true,
		"isBestMatch": true
	},
	{
		"id": 535,
		"price": "0.24900000",
		"qty": "3339.70000000",
		"quoteQty": "831.58530000",
		"time": 1660896045009,
		"isBuyerMaker": true,
		"isBestMatch": true
	},
	{
		"id": 536,
		"price": "0.25420000",
		"qty": "2791.00000000",
		"quoteQty": "709.47220000",
		"time": 1660896045091,
		"isBuyerMaker": false,
		"isBestMatch": true
	},
	{
		"id": 537,
		"price": "0.25420000",
		"qty": "1919.00000000",
		"quoteQty": "487.80980000",
		"time": 1660896045096,
		"isBuyerMaker": false,
		"isBestMatch": true
	},
	{
		"id": 538,
		"price": "0.25420000",
		"qty": "3143.00000000",
		"quoteQty": "798.95060000",
		"time": 1660896045102,
		"isBuyerMaker": false,
		"isBestMatch": true
	},
	{
		"id": 539,
		"price": "0.25420000",
		"qty": "92.40000000",
		"quoteQty": "23.48808000",
		"time": 1660896045107,
		"isBuyerMaker": false,
		"isBestMatch": true
	},
	{
		"id": 540,
		"price": "0.25450000",
		"qty": "59.60000000",
		"quoteQty": "15.16820000",
		"time": 1660896045107,
		"isBuyerMaker": false,
		"isBestMatch": true
	},
	{
		"id": 541,
		"price": "0.25450000",
		"qty": "59.60000000",
		"quoteQty": "15.16820000",
		"time": 1660896045107,
		"isBuyerMaker": false,
		"isBestMatch": true
	},
	{
		"id": 542,
		"price": "0.25450000",
		"qty": "59.60000000",
		"quoteQty": "15.16820000",
		"time": 1660896045107,
		"isBuyerMaker": false,
		"isBestMatch": true
	},
	{
		"id": 543,
		"price": "0.25450000",
		"qty": "59.60000000",
		"quoteQty": "15.16820000",
		"time": 1660896045107,
		"isBuyerMaker": false,
		"isBestMatch": true
	},
	{
		"id": 544,
		"price": "0.25450000",
		"qty": "59.60000000",
		"quoteQty": "15.16820000",
		"time": 1660896045107,
		"isBuyerMaker": false,
		"isBestMatch": true
	},
	{
		"id": 545,
		"price": "0.25450000",
		"qty": "59.60000000",
		"quoteQty": "15.16820000",
		"time": 1660896045107,
		"isBuyerMaker": false,
		"isBestMatch": true
	},
	{
		"id": 546,
		"price": "0.25450000",
		"qty": "59.60000000",
		"quoteQty": "15.16820000",
		"time": 1660896045107,
		"isBuyerMaker": false,
		"isBestMatch": true
	},
	{
		"id": 547,
		"price": "0.25450000",
		"qty": "59.60000000",
		"quoteQty": "15.16820000",
		"time": 1660896045107,
		"isBuyerMaker": false,
		"isBestMatch": true
	},
	{
		"id": 548,
		"price": "0.25450000",
		"qty": "59.60000000",
		"quoteQty": "15.16820000",
		"time": 1660896045107,
		"isBuyerMaker": false,
		"isBestMatch": true
	},
	{
		"id": 549,
		"price": "0.25450000",
		"qty": "58.70000000",
		"quoteQty": "14.93915000",
		"time": 1660896045107,
		"isBuyerMaker": false,
		"isBestMatch": true
	},
	{
		"id": 550,
		"price": "0.25520000",
		"qty": "395.80000000",
		"quoteQty": "101.00816000",
		"time": 1660896045107,
		"isBuyerMaker": false,
		"isBestMatch": true
	},
	{
		"id": 551,
		"price": "0.25760000",
		"qty": "222.10000000",
		"quoteQty": "57.21296000",
		"time": 1660896045118,
		"isBuyerMaker": false,
		"isBestMatch": true
	},
	{
		"id": 552,
		"price": "0.25760000",
		"qty": "950.50000000",
		"quoteQty": "244.84880000",
		"time": 1660896045119,
		"isBuyerMaker": false,
		"isBestMatch": true
	},
	{
		"id": 553,
		"price": "0.25760000",
		"qty": "199.40000000",
		"quoteQty": "51.36544000",
		"time": 1660896045119,
		"isBuyerMaker": false,
		"isBestMatch": true
	},
	{
		"id": 554,
		"price": "0.25760000",
		"qty": "973.20000000",
		"quoteQty": "250.69632000",
		"time": 1660896045136,
		"isBuyerMaker": false,
		"isBestMatch": true
	},
	{
		"id": 555,
		"price": "0.25760000",
		"qty": "1172.60000000",
		"quoteQty": "302.06176000",
		"time": 1660896045136,
		"isBuyerMaker": false,
		"isBestMatch": true
	},
	{
		"id": 556,
		"price": "0.25760000",
		"qty": "1172.60000000",
		"quoteQty": "302.06176000",
		"time": 1660896045136,
		"isBuyerMaker": false,
		"isBestMatch": true
	},
	{
		"id": 557,
		"price": "0.25760000",
		"qty": "1172.60000000",
		"quoteQty": "302.06176000",
		"time": 1660896045136,
		"isBuyerMaker": false,
		"isBestMatch": true
	},
	{
		"id": 558,
		"price": "0.25760000",
		"qty": "1172.60000000",
		"quoteQty": "302.06176000",
		"time": 1660896045136,
		"isBuyerMaker": false,
		"isBestMatch": true
	},
	{
		"id": 559,
		"price": "0.25760000",
		"qty": "1172.60000000",
		"quoteQty": "302.06176000",
		"time": 1660896045136,
		"isBuyerMaker": false,
		"isBestMatch": true
	},
	{
		"id": 560,
		"price": "0.25760000",
		"qty": "1172.60000000",
		"quoteQty": "302.06176000",
		"time": 1660896045136,
		"isBuyerMaker": false,
		"isBestMatch": true
	},
	{
		"id": 561,
		"price": "0.25760000",
		"qty": "1172.60000000",
		"quoteQty": "302.06176000",
		"time": 1660896045136,
		"isBuyerMaker": false,
		"isBestMatch": true
	},
	{
		"id": 562,
		"price": "0.25760000",
		"qty": "1171.80000000",
		"quoteQty": "301.85568000",
		"time": 1660896045136,
		"isBuyerMaker": false,
		"isBestMatch": true
	},
	{
		"id": 563,
		"price": "0.25680000",
		"qty": "39.30000000",
		"quoteQty": "10.09224000",
		"time": 1660896045157,
		"isBuyerMaker": false,
		"isBestMatch": true
	},
	{
		"id": 564,
		"price": "0.25680000",
		"qty": "39.30000000",
		"quoteQty": "10.09224000",
		"time": 1660896045157,
		"isBuyerMaker": false,
		"isBestMatch": true
	},
	{
		"id": 565,
		"price": "0.25680000",
		"qty": "39.10000000",
		"quoteQty": "10.04088000",
		"time": 1660896045157,
		"isBuyerMaker": false,
		"isBestMatch": true
	},
	{
		"id": 566,
		"price": "0.25760000",
		"qty": "409.90000000",
		"quoteQty": "105.59024000",
		"time": 1660896045157,
		"isBuyerMaker": false,
		"isBestMatch": true
	},
	{
		"id": 567,
		"price": "0.25590000",
		"qty": "198.60000000",
		"quoteQty": "50.82174000",
		"time": 1660896045165,
		"isBuyerMaker": true,
		"isBestMatch": true
	},
	{
		"id": 568,
		"price": "0.25760000",
		"qty": "1488.00000000",
		"quoteQty": "383.30880000",
		"time": 1660896045171,
		"isBuyerMaker": false,
		"isBestMatch": true
	},
	{
		"id": 569,
		"price": "0.25600000",
		"qty": "9017.50000000",
		"quoteQty": "2308.48000000",
		"time": 1660896045193,
		"isBuyerMaker": true,
		"isBestMatch": true
	},
	{
		"id": 570,
		"price": "0.25760000",
		"qty": "2843.00000000",
		"quoteQty": "732.35680000",
		"time": 1660896045207,
		"isBuyerMaker": false,
		"isBestMatch": true
	},
	{
		"id": 571,
		"price": "0.25760000",
		"qty": "222.10000000",
		"quoteQty": "57.21296000",
		"time": 1660896045209,
		"isBuyerMaker": false,
		"isBestMatch": true
	},
	{
		"id": 572,
		"price": "0.25760000",
		"qty": "2056.00000000",
		"quoteQty": "529.62560000",
		"time": 1660896045211,
		"isBuyerMaker": false,
		"isBestMatch": true
	},
	{
		"id": 573,
		"price": "0.25760000",
		"qty": "875.40000000",
		"quoteQty": "225.50304000",
		"time": 1660896045218,
		"isBuyerMaker": false,
		"isBestMatch": true
	},
	{
		"id": 574,
		"price": "0.25920000",
		"qty": "191.00000000",
		"quoteQty": "49.50720000",
		"time": 1660896045234,
		"isBuyerMaker": false,
		"isBestMatch": true
	},
	{
		"id": 575,
		"price": "0.25920000",
		"qty": "191.00000000",
		"quoteQty": "49.50720000",
		"time": 1660896045234,
		"isBuyerMaker": false,
		"isBestMatch": true
	},
	{
		"id": 576,
		"price": "0.25920000",
		"qty": "191.00000000",
		"quoteQty": "49.50720000",
		"time": 1660896045234,
		"isBuyerMaker": false,
		"isBestMatch": true
	},
	{
		"id": 577,
		"price": "0.25920000",
		"qty": "191.00000000",
		"quoteQty": "49.50720000",
		"time": 1660896045234,
		"isBuyerMaker": false,
		"isBestMatch": true
	},
	{
		"id": 578,
		"price": "0.25920000",
		"qty": "191.00000000",
		"quoteQty": "49.50720000",
		"time": 1660896045234,
		"isBuyerMaker": false,
		"isBestMatch": true
	},
	{
		"id": 579,
		"price": "0.25920000",
		"qty": "191.00000000",
		"quoteQty": "49.50720000",
		"time": 1660896045234,
		"isBuyerMaker": false,
		"isBestMatch": true
	},
	{
		"id": 580,
		"price": "0.25920000",
		"qty": "191.00000000",
		"quoteQty": "49.50720000",
		"time": 1660896045234,
		"isBuyerMaker": false,
		"isBestMatch": true
	},
	{
		"id": 581,
		"price": "0.25920000",
		"qty": "191.00000000",
		"quoteQty": "49.50720000",
		"time": 1660896045234,
		"isBuyerMaker": false,
		"isBestMatch": true
	},
	{
		"id": 582,
		"price": "0.25920000",
		"qty": "191.00000000",
		"quoteQty": "49.50720000",
		"time": 1660896045234,
		"isBuyerMaker": false,
		"isBestMatch": true
	},
	{
		"id": 583,
		"price": "0.25920000",
		"qty": "190.70000000",
		"quoteQty": "49.42944000",
		"time": 1660896045234,
		"isBuyerMaker": false,
		"isBestMatch": true
	},
	{
		"id": 584,
		"price": "0.26290000",
		"qty": "214.90000000",
		"quoteQty": "56.49721000",
		"time": 1660896045251,
		"isBuyerMaker": false,
		"isBestMatch": true
	},
	{
		"id": 585,
		"price": "0.25640000",
