[
	{
		"id": 0,
		"price": "0.00385600",
		"qty": "2594.00000000",
		"quoteQty": "10.00246400",
		"time": 1654164000000,
		"isBuyerMaker": false,
		"isBestMatch": true
	},
	{
		"id": 1,
		"price": "0.00478600",
		"qty": "26447.00000000",
		"quoteQty": "126.57534200",
		"time": 1654164000021,
		"isBuyerMaker": false,
		"isBestMatch": true
	},
	{
		"id": 2,
		"price": "0.00458000",
		"qty": "4366.00000000",
		"quoteQty": "19.99628000",
		"time": 1654164000170,
		"isBuyerMaker": false,
		"isBestMatch": true
	},
	{
		"id": 3,
		"price": "0.00458000",
		"qty": "2812.00000000",
		"quoteQty": "12.87896000",
		"time": 1654164000395,
		"isBuyerMaker": false,
		"isBestMatch": true
	},
	{
		"id": 4,
		"price": "0.00458000",
		"qty": "2401.00000000",
		"quoteQty": "10.99658000",
		"time": 1654164000425,
		"isBuyerMaker": false,
		"isBestMatch": true
	},
	{
		"id": 5,
		"price": "0.00458000",
		"qty": "5676.00000000",
		"quoteQty": "25.99608000",
		"time": 1654164000552,
		"isBuyerMaker": false,
		"isBestMatch": true
	},
	{
		"id": 6,
		"price": "0.00458000",
		"qty": "8717.00000000",
		"quoteQty": "39.92386000",
		"time": 1654164000715,
		"isBuyerMaker": false,
		"isBestMatch": true
	},
	{
		"id": 7,
		"price": "0.00458000",
		"qty": "6374.00000000",
		"quoteQty": "29.19292000",
		"time": 1654164000792,
		"isBuyerMaker": false,
		"isBestMatch": true
	},
	{
		"id": 8,
		"price": "0.00458000",
		"qty": "44027.00000000",
		"quoteQty": "201.64366000",
		"time": 1654164000796,
		"isBuyerMaker": false,
		"isBestMatch": true
	},
	{
		"id": 9,
		"price": "0.00458000",
		"qty": "21016.00000000",
		"quoteQty": "96.25328000",
		"time": 1654164000803,
		"isBuyerMaker": false,
		"isBestMatch": true
	},
	{
		"id": 10,
		"price": "0.00458000",
		"qty": "4587.00000000",
		"quoteQty": "21.00846000",
		"time": 1654164000928,
		"isBuyerMaker": false,
		"isBestMatch": true
	},
	{
		"id": 11,
		"price": "0.00458000",
		"qty": "4594.00000000",
		"quoteQty": "21.04052000",
		"time": 1654164001105,
		"isBuyerMaker": false,
		"isBestMatch": true
	},
	{
		"id": 12,
		"price": "0.00458000",
		"qty": "16593.00000000",
		"quoteQty": "75.99594000",
		"time": 1654164001157,
		"isBuyerMaker": false,
		"isBestMatch": true
	},
	{
		"id": 13,
		"price": "0.00458000",
		"qty": "5302.00000000",
		"quoteQty": "24.28316000",
		"time": 1654164001159,
		"isBuyerMaker": false,
		"isBestMatch": true
	},
	{
		"id": 14,
		"price": "0.00458000",
		"qty": "2342.00000000",
		"quoteQty": "10.72636000",
		"time": 1654164001445,
		"isBuyerMaker": false,
		"isBestMatch": true
	},
	{
		"id": 15,
		"price": "0.00458000",
		"qty": "80979.00000000",
		"quoteQty": "370.88382000",
		"time": 1654164001633,
		"isBuyerMaker": false,
		"isBestMatch": true
	},
	{
		"id": 16,
		"price": "0.00458000",
		"qty": "225197.00000000",
		"quoteQty": "1031.40226000",
		"time": 1654164001692,
		"isBuyerMaker": false,
		"isBestMatch": true
	},
	{
		"id": 17,
		"price": "0.00457900",
		"qty": "12902.00000000",
		"quoteQty": "59.07825800",
		"time": 1654164001963,
		"isBuyerMaker": false,
		"isBestMatch": true
	},
	{
		"id": 18,
		"price": "0.00458000",
		"qty": "647831.00000000",
		"quoteQty": "2967.06598000",
		"time": 1654164001963,
		"isBuyerMaker": false,
		"isBestMatch": true
	},
	{
		"id": 19,
		"price": "0.00430000",
		"qty": "2637.00000000",
		"quoteQty": "11.33910000",
		"time": 1654164002318,
		"isBuyerMaker": true,
		"isBestMatch": true
	},
	{
		"id": 20,
		"price": "0.00412100",
		"qty": "27278.00000000",
		"quoteQty": "112.41263800",
		"time": 1654164002318,
		"isBuyerMaker": true,
		"isBestMatch": true
	},
	{
		"id": 21,
		"price": "0.00440000",
		"qty": "22727.00000000",
		"quoteQty": "99.99880000",
		"time": 1654164002473,
		"isBuyerMaker": false,
		"isBestMatch": true
	},
	{
		"id": 22,
		"price": "0.00440000",
		"qty": "3181.00000000",
		"quoteQty": "13.99640000",
		"time": 1654164002514,
		"isBuyerMaker": false,
		"isBestMatch": true
	},
	{
		"id": 23,
		"price": "0.00439900",
		"qty": "5050.00000000",
		"quoteQty": "22.21495000",
		"time": 1654164002902,
		"isBuyerMaker": false,
		"isBestMatch": true
	},
	{
		"id": 24,
		"price": "0.00439900",
		"qty": "8605.00000000",
		"quoteQty": "37.85339500",
		"time": 1654164002969,
		"isBuyerMaker": false,
		"isBestMatch": true
	},
	{
		"id": 25,
		"price": "0.00440000",
		"qty": "62078.00000000",
		"quoteQty": "273.14320000",
		"time": 1654164002969,
		"isBuyerMaker": false,
		"isBestMatch": true
	},
	{
		"id": 26,
		"price": "0.00440000",
		"qty": "127773.00000000",
		"quoteQty": "562.20120000",
		"time": 1654164003074,
		"isBuyerMaker": false,
		"isBestMatch": true
	},
	{
		"id": 27,
		"price": "0.00440000",
		"qty": "22727.00000000",
		"quoteQty": "99.99880000",
		"time": 1654164003182,
		"isBuyerMaker": false,
		"isBestMatch": true
	},
	{
		"id": 28,
		"price": "0.00440000",
		"qty": "6919.00000000",
		"quoteQty": "30.44360000",
		"time": 1654164003214,
		"isBuyerMaker": false,
		"isBestMatch": true
	},
	{
		"id": 29,
		"price": "0.00440000",
		"qty": "22554.00000000",
		"quoteQty": "99.23760000",
		"time": 1654164003233,
		"isBuyerMaker": false,
		"isBestMatch": true
	},
	{
		"id": 30,
		"price": "0.00440000",
		"qty": "20881.00000000",
		"quoteQty": "91.87640000",
		"time": 1654164003286,
		"isBuyerMaker": false,
		"isBestMatch": true
	},
	{
		"id": 31,
		"price": "0.00440000",
		"qty": "4150.00000000",
		"quoteQty": "18.26000000",
		"time": 1654164003323,
		"isBuyerMaker": false,
		"isBestMatch": true
	},
	{
		"id": 32,
		"price": "0.00432700",
		"qty": "27278.00000000",
		"quoteQty": "118.03190600",
		"time": 1654164003395,
		"isBuyerMaker": false,
		"isBestMatch": true
	},
	{
		"id": 33,
		"price": "0.00440000",
		"qty": "57466.00000000",
		"quoteQty": "252.85040000",
		"time": 1654164003395,
		"isBuyerMaker": false,
		"isBestMatch": true
	},
	{
		"id": 34,
		"price": "0.00440000",
		"qty": "4940.00000000",
		"quoteQty": "21.73600000",
		"time": 1654164003449,
		"isBuyerMaker": false,
		"isBestMatch": true
	},
	{
		"id": 35,
		"price": "0.00440000",
		"qty": "91377.00000000",
		"quoteQty": "402.05880000",
		"time": 1654164003536,
		"isBuyerMaker": false,
		"isBestMatch": true
	},
	{
		"id": 36,
		"price": "0.00440000",
		"qty": "31333.00000000",
		"quoteQty": "137.86520000",
		"time": 1654164003595,
		"isBuyerMaker": false,
		"isBestMatch": true
	},
	{
		"id": 37,
		"price": "0.00440000",
		"qty": "6046.00000000",
		"quoteQty": "26.60240000",
		"time": 1654164003607,
		"isBuyerMaker": false,
		"isBestMatch": true
	},
	{
		"id": 38,
		"price": "0.00440000",
		"qty": "15726.00000000",
		"quoteQty": "69.19440000",
		"time": 1654164003660,
		"isBuyerMaker": false,
		"isBestMatch": true
	},
	{
		"id": 39,
		"price": "0.00440000",
		"qty": "39805.00000000",
		"quoteQty": "175.14200000",
		"time": 1654164003880,
		"isBuyerMaker": false,
		"isBestMatch": true
	},
	{
		"id": 40,
		"price": "0.00440000",
		"qty": "9165.00000000",
		"quoteQty": "40.32600000",
		"time": 1654164003939,
		"isBuyerMaker": false,
		"isBestMatch": true
	},
	{
		"id": 41,
		"price": "0.00440000",
		"qty": "12227.00000000",
		"quoteQty": "53.79880000",
		"time": 1654164004203,
		"isBuyerMaker": false,
		"isBestMatch": true
	},
	{
		"id": 42,
		"price": "0.00440000",
		"qty": "10982.00000000",
		"quoteQty": "48.32080000",
		"time": 1654164004241,
		"isBuyerMaker": false,
		"isBestMatch": true
	},
	{
		"id": 43,
		"price": "0.00440000",
		"qty": "25782.00000000",
		"quoteQty": "113.44080000",
		"time": 1654164004347,
		"isBuyerMaker": false,
		"isBestMatch": true
	},
	{
		"id": 44,
		"price": "0.00440000",
		"qty": "29344.00000000",
		"quoteQty": "129.11360000",
		"time": 1654164004376,
		"isBuyerMaker": false,
		"isBestMatch": true
	},
	{
		"id": 45,
		"price": "0.00458000",
		"qty": "14811.00000000",
		"quoteQty": "67.83438000",
		"time": 1654164004376,
		"isBuyerMaker": false,
		"isBestMatch": true
	},
	{
		"id": 46,
		"price": "0.00458000",
		"qty": "3501.00000000",
		"quoteQty": "16.03458000",
		"time": 1654164004481,
		"isBuyerMaker": false,
		"isBestMatch": true
	},
	{
		"id": 47,
		"price": "0.00458000",
		"qty": "3003.00000000",
		"quoteQty": "13.75374000",
		"time": 1654164004507,
		"isBuyerMaker": false,
		"isBestMatch": true
	},
	{
		"id": 48,
		"price": "0.00458000",
		"qty": "10917.00000000",
		"quoteQty": "49.99986000",
		"time": 1654164004516,
		"isBuyerMaker": false,
		"isBestMatch": true
	},
	{
		"id": 49,
		"price": "0.00458000",
		"qty": "111427.00000000",
		"quoteQty": "510.33566000",
		"time": 1654164004590,
		"isBuyerMaker": false,
		"isBestMatch": true
	},
	{
		"id": 50,
		"price": "0.00458000",
		"qty": "4819.00000000",
		"quoteQty": "22.07102000",
		"time": 1654164004606,
		"isBuyerMaker": false,
		"isBestMatch": true
	},
	{
		"id": 51,
		"price": "0.00458000",
		"qty": "3944.00000000",
		"quoteQty": "18.06352000",
		"time": 1654164004606,
		"isBuyerMaker": false,
		"isBestMatch": true
	},
	{
		"id": 52,
		"price": "0.00458000",
		"qty": "9906.00000000",
		"quoteQty": "45.36948000",
		"time": 1654164004654,
		"isBuyerMaker": false,
		"isBestMatch": true
	},
	{
		"id": 53,
		"price": "0.00458000",
		"qty": "41087.00000000",
		"quoteQty": "188.17846000",
		"time": 1654164004663,
		"isBuyerMaker": false,
		"isBestMatch": true
	},
	{
		"id": 54,
		"price": "0.00460000",
		"qty": "2352.00000000",
		"quoteQty": "10.81920000",
		"time": 1654164004663,
		"isBuyerMaker": false,
		"isBestMatch": true
	},
	{
		"id": 55,
		"price": "0.00458000",
		"qty": "3556.00000000",
		"quoteQty": "16.28648000",
		"time": 1654164004707,
		"isBuyerMaker": true,
		"isBestMatch": true
	},
	{
		"id": 56,
		"price": "0.00458000",
		"qty": "6924.00000000",
		"quoteQty": "31.71192000",
		"time": 1654164004751,
		"isBuyerMaker": true,
		"isBestMatch": true
	},
	{
		"id": 57,
		"price": "0.00458000",
		"qty": "2473.00000000",
		"quoteQty": "11.32634000",
		"time": 1654164004751,
		"isBuyerMaker": true,
		"isBestMatch": true
	},
	{
		"id": 58,
		"price": "0.00440000",
		"qty": "13851.00000000",
		"quoteQty": "60.94440000",
		"time": 1654164004751,
		"isBuyerMaker": true,
		"isBestMatch": true
	},
	{
		"id": 59,
		"price": "0.00440000",
		"qty": "3542.00000000",
		"quoteQty": "15.58480000",
		"time": 1654164004760,
		"isBuyerMaker": true,
		"isBestMatch": true
	},
	{
		"id": 60,
		"price": "0.00460000",
		"qty": "29156.00000000",
		"quoteQty": "134.11760000",
		"time": 1654164004770,
		"isBuyerMaker": false,
		"isBestMatch": true
	},
	{
		"id": 61,
		"price": "0.00440000",
		"qty": "6893.00000000",
		"quoteQty": "30.32920000",
		"time": 1654164004815,
		"isBuyerMaker": true,
		"isBestMatch": true
	},
	{
		"id": 62,
		"price": "0.00420000",
		"qty": "4731.00000000",
		"quoteQty": "19.87020000",
		"time": 1654164004815,
		"isBuyerMaker": true,
		"isBestMatch": true
	},
	{
		"id": 63,
		"price": "0.00460000",
		"qty": "20021.00000000",
		"quoteQty": "92.09660000",
		"time": 1654164004856,
		"isBuyerMaker": false,
		"isBestMatch": true
	},
	{
		"id": 64,
		"price": "0.00460000",
		"qty": "2173.00000000",
		"quoteQty": "9.99580000",
		"time": 1654164004979,
		"isBuyerMaker": false,
		"isBestMatch": true
	},
	{
		"id": 65,
		"price": "0.00458000",
		"qty": "3714.00000000",
		"quoteQty": "17.01012000",
		"time": 1654164005059,
		"isBuyerMaker": true,
		"isBestMatch": true
	},
	{
		"id": 66,
		"price": "0.00458000",
		"qty": "7227.00000000",
		"quoteQty": "33.09966000",
		"time": 1654164005114,
		"isBuyerMaker": true,
		"isBestMatch": true
	},
	{
		"id": 67,
		"price": "0.00421300",
		"qty": "16021.00000000",
		"quoteQty": "67.49647300",
		"time": 1654164005114,
		"isBuyerMaker": true,
		"isBestMatch": true
	},
	{
		"id": 68,
		"price": "0.00460000",
		"qty": "19215.00000000",
		"quoteQty": "88.38900000",
		"time": 1654164005155,
		"isBuyerMaker": false,
		"isBestMatch": true
	},
	{
		"id": 69,
		"price": "0.00460000",
		"qty": "6407.00000000",
		"quoteQty": "29.47220000",
		"time": 1654164005203,
		"isBuyerMaker": false,
		"isBestMatch": true
	},
	{
		"id": 70,
		"price": "0.00431200",
		"qty": "407120.00000000",
		"quoteQty": "1755.50144000",
		"time": 1654164005290,
		"isBuyerMaker": false,
		"isBestMatch": true
	},
	{
		"id": 71,
		"price": "0.00458000",
		"qty": "5057.00000000",
		"quoteQty": "23.16106000",
		"time": 1654164005300,
		"isBuyerMaker": true,
		"isBestMatch": true
	},
	{
		"id": 72,
		"price": "0.00458000",
		"qty": "5950.00000000",
		"quoteQty": "27.25100000",
		"time": 1654164005315,
		"isBuyerMaker": true,
		"isBestMatch": true
	},
	{
		"id": 73,
		"price": "0.00458000",
		"qty": "5057.00000000",
		"quoteQty": "23.16106000",
		"time": 1654164005317,
		"isBuyerMaker": true,
		"isBestMatch": true
	},
	{
		"id": 74,
		"price": "0.00458000",
		"qty": "3889.00000000",
		"quoteQty": "17.81162000",
		"time": 1654164005319,
		"isBuyerMaker": true,
		"isBestMatch": true
	},
	{
		"id": 75,
		"price": "0.00458000",
		"qty": "460756.00000000",
		"quoteQty": "2110.26248000",
		"time": 1654164005335,
		"isBuyerMaker": true,
		"isBestMatch": true
	},
	{
		"id": 76,
		"price": "0.00458000",
		"qty": "6601.00000000",
		"quoteQty": "30.23258000",
		"time": 1654164005342,
		"isBuyerMaker": true,
		"isBestMatch": true
	},
	{
		"id": 77,
		"price": "0.00458000",
		"qty": "37721.00000000",
		"quoteQty": "172.76218000",
		"time": 1654164005351,
		"isBuyerMaker": true,
		"isBestMatch": true
	},
	{
		"id": 78,
		"price": "0.00458000",
		"qty": "42552.00000000",
		"quoteQty": "194.88816000",
		"time": 1654164005352,
		"isBuyerMaker": true,
		"isBestMatch": true
	},
	{
		"id": 79,
		"price": "0.00458000",
		"qty": "16130.00000000",
		"quoteQty": "73.87540000",
		"time": 1654164005353,
		"isBuyerMaker": true,
		"isBestMatch": true
	},
	{
		"id": 80,
		"price": "0.00458000",
		"qty": "45797.00000000",
		"quoteQty": "209.75026000",
		"time": 1654164005386,
		"isBuyerMaker": true,
		"isBestMatch": true
	},
	{
		"id": 81,
		"price": "0.00458000",
		"qty": "449266.00000000",
		"quoteQty": "2057.63828000",
		"time": 1654164005393,
		"isBuyerMaker": true,
		"isBestMatch": true
	},
	{
		"id": 82,
		"price": "0.00458000",
		"qty": "1145641.00000000",
		"quoteQty": "5247.03578000",
		"time": 1654164005395,
		"isBuyerMaker": true,
		"isBestMatch": true
	},
	{
		"id": 83,
		"price": "0.00458000",
		"qty": "229128.00000000",
		"quoteQty": "1049.40624000",
		"time": 1654164005403,
		"isBuyerMaker": true,
		"isBestMatch": true
	},
	{
		"id": 84,
		"price": "0.00458000",
		"qty": "19102.00000000",
		"quoteQty": "87.48716000",
		"time": 1654164005408,
		"isBuyerMaker": true,
		"isBestMatch": true
	},
	{
		"id": 85,
		"price": "0.00458000",
		"qty": "110093.00000000",
		"quoteQty": "504.22594000",
		"time": 1654164005410,
		"isBuyerMaker": true,
		"isBestMatch": true
	},
	{
		"id": 86,
		"price": "0.00458000",
		"qty": "54127.00000000",
		"quoteQty": "247.90166000",
		"time": 1654164005419,
		"isBuyerMaker": true,
		"isBestMatch": true
	},
	{
		"id": 87,
		"price": "0.00458000",
		"qty": "20854.00000000",
		"quoteQty": "95.51132000",
		"time": 1654164005439,
		"isBuyerMaker": true,
		"isBestMatch": true
	},
	{
		"id": 88,
		"price": "0.00458000",
		"qty": "58627.00000000",
		"quoteQty": "268.51166000",
		"time": 1654164005439,
		"isBuyerMaker": true,
		"isBestMatch": true
	},
	{
		"id": 89,
		"price": "0.00458000",
		"qty": "162279.00000000",
		"quoteQty": "743.23782000",
		"time": 1654164005463,
		"isBuyerMaker": true,
		"isBestMatch": true
	},
	{
		"id": 90,
		"price": "0.00458000",
		"qty": "685348.00000000",
		"quoteQty": "3138.89384000",
		"time": 1654164005466,
		"isBuyerMaker": true,
		"isBestMatch": true
	},
	{
		"id": 91,
		"price": "0.00458000",
		"qty": "59362.00000000",
		"quoteQty": "271.87796000",
		"time": 1654164005468,
		"isBuyerMaker": true,
		"isBestMatch": true
	},
	{
		"id": 92,
		"price": "0.00444900",
		"qty": "52564.00000000",
		"quoteQty": "233.85723600",
		"time": 1654164005468,
		"isBuyerMaker": true,
		"isBestMatch": true
	},
	{
		"id": 93,
		"price": "0.00444900",
		"qty": "4118.00000000",
		"quoteQty": "18.32098200",
		"time": 1654164005485,
		"isBuyerMaker": true,
		"isBestMatch": true
	},
	{
		"id": 94,
		"price": "0.00444900",
		"qty": "10075.00000000",
		"quoteQty": "44.82367500",
		"time": 1654164005487,
		"isBuyerMaker": true,
		"isBestMatch": true
	},
	{
		"id": 95,
		"price": "0.00444900",
		"qty": "4118.00000000",
		"quoteQty": "18.32098200",
		"time": 1654164005487,
		"isBuyerMaker": true,
		"isBestMatch": true
	},
	{
		"id": 96,
		"price": "0.00444900",
		"qty": "62639.00000000",
		"quoteQty": "278.68091100",
		"time": 1654164005489,
		"isBuyerMaker": true,
		"isBestMatch": true
	},
	{
		"id": 97,
		"price": "0.00444900",
		"qty": "66757.00000000",
		"quoteQty": "297.00189300",
		"time": 1654164005489,
		"isBuyerMaker": true,
		"isBestMatch": true
	},
	{
		"id": 98,
		"price": "0.00444900",
		"qty": "66757.00000000",
		"quoteQty": "297.00189300",
		"time": 1654164005489,
		"isBuyerMaker": true,
		"isBestMatch": true
	},
	{
		"id": 99,
		"price": "0.00444900",
		"qty": "66757.00000000",
		"quoteQty": "297.00189300",
		"time": 1654164005489,
		"isBuyerMaker": true,
		"isBestMatch": true
	},
	{
		"id": 100,
		"price": "0.00444900",
		"qty": "66757.00000000",
		"quoteQty": "297.00189300",
		"time": 1654164005489,
		"isBuyerMaker": true,
		"isBestMatch": true
	},
	{
		"id": 101,
		"price": "0.00444900",
		"qty": "66757.00000000",
		"quoteQty": "297.00189300",
		"time": 1654164005489,
		"isBuyerMaker": true,
		"isBestMatch": true
	},
	{
		"id": 102,
		"price": "0.00444900",
		"qty": "66757.00000000",
		"quoteQty": "297.00189300",
		"time": 1654164005489,
		"isBuyerMaker": true,
		"isBestMatch": true
	},
	{
		"id": 103,
		"price": "0.00444900",
		"qty": "7698.00000000",
		"quoteQty": "34.24840200",
		"time": 1654164005489,
		"isBuyerMaker": true,
		"isBestMatch": true
	},
	{
		"id": 104,
		"price": "0.00460000",
		"qty": "10869.00000000",
		"quoteQty": "49.99740000",
		"time": 1654164005490,
		"isBuyerMaker": false,
		"isBestMatch": true
	},
	{
		"id": 105,
		"price": "0.00444900",
		"qty": "5832.00000000",
		"quoteQty": "25.94656800",
		"time": 1654164005491,
		"isBuyerMaker": true,
		"isBestMatch": true
	},
	{
		"id": 106,
		"price": "0.00444900",
		"qty": "7227.00000000",
		"quoteQty": "32.15292300",
		"time": 1654164005500,
		"isBuyerMaker": true,
		"isBestMatch": true
	},
	{
		"id": 107,
		"price": "0.00444900",
		"qty": "46000.00000000",
		"quoteQty": "204.65400000",
		"time": 1654164005514,
		"isBuyerMaker": true,
		"isBestMatch": true
	},
	{
		"id": 108,
		"price": "0.00444900",
		"qty": "7227.00000000",
		"quoteQty": "32.15292300",
		"time": 1654164005514,
		"isBuyerMaker": true,
		"isBestMatch": true
	},
	{
		"id": 109,
		"price": "0.00445000",
		"qty": "24521.00000000",
		"quoteQty": "109.11845000",
		"time": 1654164005542,
		"isBuyerMaker": true,
		"isBestMatch": true
	},
	{
		"id": 110,
		"price": "0.00445000",
		"qty": "26193.00000000",
		"quoteQty": "116.55885000",
		"time": 1654164005542,
		"isBuyerMaker": true,
		"isBestMatch": true
	},
	{
		"id": 111,
		"price": "0.00444900",
		"qty": "8811.00000000",
		"quoteQty": "39.20013900",
		"time": 1654164005542,
		"isBuyerMaker": true,
		"isBestMatch": true
	},
	{
		"id": 112,
		"price": "0.00444900",
		"qty": "50714.00000000",
		"quoteQty": "225.62658600",
		"time": 1654164005545,
		"isBuyerMaker": true,
		"isBestMatch": true
	},
	{
		"id": 113,
		"price": "0.00440000",
		"qty": "6312.00000000",
		"quoteQty": "27.77280000",
		"time": 1654164005545,
		"isBuyerMaker": true,
		"isBestMatch": true
	},
	{
		"id": 114,
		"price": "0.00445000",
		"qty": "24910.00000000",
		"quoteQty": "110.84950000",
		"time": 1654164005557,
		"isBuyerMaker": true,
		"isBestMatch": true
	},
	{
		"id": 115,
		"price": "0.00440000",
		"qty": "3688.00000000",
		"quoteQty": "16.22720000",
		"time": 1654164005557,
		"isBuyerMaker": true,
		"isBestMatch": true
	},
	{
		"id": 116,
		"price": "0.00440000",
		"qty": "6009.00000000",
		"quoteQty": "26.43960000",
		"time": 1654164005558,
		"isBuyerMaker": true,
		"isBestMatch": true
	},
	{
		"id": 117,
		"price": "0.00440000",
		"qty": "6718.00000000",
		"quoteQty": "29.55920000",
		"time": 1654164005585,
		"isBuyerMaker": true,
		"isBestMatch": true
	},
	{
		"id": 118,
		"price": "0.00435800",
		"qty": "68151.00000000",
		"quoteQty": "297.00205800",
		"time": 1654164005585,
		"isBuyerMaker": true,
		"isBestMatch": true
	},
	{
		"id": 119,
		"price": "0.00435800",
		"qty": "6823.00000000",
		"quoteQty": "29.73463400",
		"time": 1654164005585,
		"isBuyerMaker": true,
		"isBestMatch": true
	},
	{
		"id": 120,
		"price": "0.00440100",
		"qty": "14798.00000000",
		"quoteQty": "65.12599800",
		"time": 1654164005713,
		"isBuyerMaker": false,
		"isBestMatch": true
	},
	{
		"id": 121,
		"price": "0.00440100",
		"qty": "3507.00000000",
		"quoteQty": "15.43430700",
		"time": 1654164005844,
		"isBuyerMaker": false,
		"isBestMatch": true
	},
	{
		"id": 122,
		"price": "0.00440100",
		"qty": "5471.00000000",
		"quoteQty": "24.07787100",
		"time": 1654164005874,
		"isBuyerMaker": false,
		"isBestMatch": true
	},
	{
		"id": 123,
		"price": "0.00440000",
		"qty": "4220.00000000",
		"quoteQty": "18.56800000",
		"time": 1654164005880,
		"isBuyerMaker": true,
		"isBestMatch": true
	},
	{
		"id": 124,
		"price": "0.00439500",
		"qty": "8106.00000000",
		"quoteQty": "35.62587000",
		"time": 1654164006160,
		"isBuyerMaker": false,
		"isBestMatch": true
	},
	{
		"id": 125,
		"price": "0.00439500",
		"qty": "17982.00000000",
		"quoteQty": "79.03089000",
		"time": 1654164006168,
		"isBuyerMaker": false,
		"isBestMatch": true
	},
	{
		"id": 126,
		"price": "0.00439500",
		"qty": "5037.00000000",
		"quoteQty": "22.13761500",
		"time": 1654164006247,
		"isBuyerMaker": false,
		"isBestMatch": true
	},
	{
		"id": 127,
		"price": "0.00439500",
		"qty": "18676.00000000",
		"quoteQty": "82.08102000",
		"time": 1654164006312,
		"isBuyerMaker": false,
		"isBestMatch": true
	},
	{
		"id": 128,
		"price": "0.00439700",
		"qty": "503.00000000",
		"quoteQty": "2.21169100",
		"time": 1654164006449,
		"isBuyerMaker": false,
		"isBestMatch": true
	},
	{
		"id": 129,
		"price": "0.00442200",
		"qty": "2226.00000000",
		"quoteQty": "9.84337200",
		"time": 1654164006449,
		"isBuyerMaker": false,
		"isBestMatch": true
	},
	{
		"id": 130,
		"price": "0.00438000",
		"qty": "4032.00000000",
		"quoteQty": "17.66016000",
		"time": 1654164006556,
		"isBuyerMaker": false,
		"isBestMatch": true
	},
	{
		"id": 131,
		"price": "0.00435200",
		"qty": "141219.00000000",
		"quoteQty": "614.58508800",
		"time": 1654164006671,
		"isBuyerMaker": true,
		"isBestMatch": true
	},
	{
		"id": 132,
		"price": "0.00435200",
		"qty": "140839.00000000",
		"quoteQty": "612.93132800",
		"time": 1654164006671,
		"isBuyerMaker": true,
		"isBestMatch": true
	},
	{
		"id": 133,
		"price": "0.00435200",
		"qty": "140204.00000000",
		"quoteQty": "610.16780800",
		"time": 1654164006671,
		"isBuyerMaker": true,
		"isBestMatch": true
	},
	{
		"id": 134,
		"price": "0.00435200",
		"qty": "142624.00000000",
		"quoteQty": "620.69964800",
		"time": 1654164006671,
		"isBuyerMaker": true,
		"isBestMatch": true
	},
	{
		"id": 135,
		"price": "0.00435200",
		"qty": "102679.00000000",
		"quoteQty": "446.85900800",
		"time": 1654164006671,
		"isBuyerMaker": true,
		"isBestMatch": true
	},
	{
		"id": 136,
		"price": "0.00437800",
		"qty": "2664.00000000",
		"quoteQty": "11.66299200",
		"time": 1654164006730,
		"isBuyerMaker": false,
		"isBestMatch": true
	},
	{
		"id": 137,
		"price": "0.00435200",
		"qty": "11393.00000000",
		"quoteQty": "49.58233600",
		"time": 1654164006939,
		"isBuyerMaker": true,
		"isBestMatch": true
	},
	{
		"id": 138,
		"price": "0.00437800",
		"qty": "2306.00000000",
		"quoteQty": "10.09566800",
		"time": 1654164006977,
		"isBuyerMaker": false,
		"isBestMatch": true
	},
	{
		"id": 139,
		"price": "0.00437800",
		"qty": "13935.00000000",
		"quoteQty": "61.00743000",
		"time": 1654164007204,
		"isBuyerMaker": false,
		"isBestMatch": true
	},
	{
		"id": 140,
		"price": "0.00437800",
		"qty": "7013.00000000",
		"quoteQty": "30.70291400",
		"time": 1654164007380,
		"isBuyerMaker": false,
		"isBestMatch": true
	},
	{
		"id": 141,
		"price": "0.00437800",
		"qty": "11159.00000000",
		"quoteQty": "48.85410200",
		"time": 1654164007417,
		"isBuyerMaker": false,
		"isBestMatch": true
	},
	{
		"id": 142,
		"price": "0.00435200",
		"qty": "28584.00000000",
		"quoteQty": "124.39756800",
		"time": 1654164007453,
		"isBuyerMaker": true,
		"isBestMatch": true
	},
	{
		"id": 143,
		"price": "0.00435200",
		"qty": "42358.00000000",
		"quoteQty": "184.34201600",
		"time": 1654164007453,
		"isBuyerMaker": true,
		"isBestMatch": true
	},
	{
		"id": 144,
		"price": "0.00437700",
		"qty": "13016.00000000",
		"quoteQty": "56.97103200",
		"time": 1654164007506,
		"isBuyerMaker": false,
		"isBestMatch": true
	},
	{
		"id": 145,
		"price": "0.00437500",
		"qty": "38171.00000000",
		"quoteQty": "166.99812500",
		"time": 1654164007603,
		"isBuyerMaker": false,
		"isBestMatch": true
	},
	{
		"id": 146,
		"price": "0.00437100",
		"qty": "3481.00000000",
		"quoteQty": "15.21545100",
		"time": 1654164007990,
		"isBuyerMaker": false,
		"isBestMatch": true
	},
	{
		"id": 147,
		"price": "0.00437100",
		"qty": "2508.00000000",
		"quoteQty": "10.96246800",
		"time": 1654164008400,
		"isBuyerMaker": false,
		"isBestMatch": true
	},
	{
		"id": 148,
		"price": "0.00437100",
		"qty": "3625.00000000",
		"quoteQty": "15.84487500",
		"time": 1654164008462,
		"isBuyerMaker": false,
		"isBestMatch": true
	},
	{
		"id": 149,
		"price": "0.00437100",
		"qty": "22749.00000000",
		"quoteQty": "99.43587900",
		"time": 1654164008531,
		"isBuyerMaker": false,
		"isBestMatch": true
	},
	{
		"id": 150,
		"price": "0.00437100",
		"qty": "3318.00000000",
		"quoteQty": "14.50297800",
		"time": 1654164008557,
		"isBuyerMaker": false,
		"isBestMatch": true
	},
	{
		"id": 151,
		"price": "0.00437100",
		"qty": "19401.00000000",
		"quoteQty": "84.80177100",
		"time": 1654164008674,
		"isBuyerMaker": false,
		"isBestMatch": true
	},
	{
		"id": 152,
		"price": "0.00437100",
		"qty": "14961.00000000",
		"quoteQty": "65.39453100",
		"time": 1654164008707,
		"isBuyerMaker": false,
		"isBestMatch": true
	},
	{
		"id": 153,
		"price": "0.00437100",
		"qty": "19921.00000000",
		"quoteQty": "87.07469100",
		"time": 1654164009513,
		"isBuyerMaker": false,
		"isBestMatch": true
	},
	{
		"id": 154,
		"price": "0.00437100",
		"qty": "39676.00000000",
		"quoteQty": "173.42379600",
		"time": 1654164009617,
		"isBuyerMaker": false,
		"isBestMatch": true
	},
	{
		"id": 155,
		"price": "0.00437200",
		"qty": "74066.00000000",
		"quoteQty": "323.81655200",
		"time": 1654164009617,
		"isBuyerMaker": false,
		"isBestMatch": true
	},
	{
		"id": 156,
		"price": "0.00437200",
		"qty": "2648.00000000",
		"quoteQty": "11.57705600",
		"time": 1654164009629,
		"isBuyerMaker": false,
		"isBestMatch": true
	},
	{
		"id": 157,
		"price": "0.00437200",
		"qty": "6850.00000000",
		"quoteQty": "29.94820000",
		"time": 1654164009803,
		"isBuyerMaker": false,
		"isBestMatch": true
	},
	{
		"id": 158,
		"price": "0.00437200",
		"qty": "21983.00000000",
		"quoteQty": "96.10967600",
		"time": 1654164009940,
		"isBuyerMaker": false,
		"isBestMatch": true
	},
	{
		"id": 159,
		"price": "0.00437200",
		"qty": "102033.00000000",
		"quoteQty": "446.08827600",
		"time": 1654164009940,
		"isBuyerMaker": false,
		"isBestMatch": true
	},
	{
		"id": 160,
		"price": "0.00437200",
		"qty": "42358.00000000",
		"quoteQty": "185.18917600",
		"time": 1654164009940,
		"isBuyerMaker": false,
		"isBestMatch": true
	},
	{
		"id": 161,
		"price": "0.00437200",
		"qty": "61808.00000000",
		"quoteQty": "270.22457600",
		"time": 1654164009940,
		"isBuyerMaker": false,
		"isBestMatch": true
	},
	{
		"id": 162,
		"price": "0.00437700",
		"qty": "6618.00000000",
		"quoteQty": "28.96698600",
		"time": 1654164010010,
		"isBuyerMaker": false,
		"isBestMatch": true
	},
	{
		"id": 163,
		"price": "0.00431800",
		"qty": "2500.00000000",
		"quoteQty": "10.79500000",
		"time": 1654164010021,
		"isBuyerMaker": true,
		"isBestMatch": true
	},
	{
		"id": 164,
		"price": "0.00431800",
		"qty": "137562.00000000",
		"quoteQty": "593.99271600",
		"time": 1654164010177,
		"isBuyerMaker": true,
		"isBestMatch": true
	},
	{
		"id": 165,
		"price": "0.00431800",
		"qty": "113130.00000000",
		"quoteQty": "488.49534000",
		"time": 1654164010177,
		"isBuyerMaker": true,
		"isBestMatch": true
	},
	{
		"id": 166,
		"price": "0.00431700",
		"qty": "95542.00000000",
		"quoteQty": "412.45481400",
		"time": 1654164010177,
		"isBuyerMaker": true,
		"isBestMatch": true
	},
	{
		"id": 167,
		"price": "0.00437400",
		"qty": "4802.00000000",
		"quoteQty": "21.00394800",
		"time": 1654164010327,
		"isBuyerMaker": false,
		"isBestMatch": true
	},
	{
		"id": 168,
		"price": "0.00437100",
		"qty": "13318.00000000",
		"quoteQty": "58.21297800",
		"time": 1654164010518,
		"isBuyerMaker": false,
		"isBestMatch": true
	},
	{
		"id": 169,
		"price": "0.00431800",
		"qty": "20192.00000000",
		"quoteQty": "87.18905600",
		"time": 1654164010587,
		"isBuyerMaker": true,
		"isBestMatch": true
	},
	{
		"id": 170,
		"price": "0.00431800",
		"qty": "11557.00000000",
		"quoteQty": "49.90312600",
		"time": 1654164010587,
		"isBuyerMaker": true,
		"isBestMatch": true
	},
	{
		"id": 171,
		"price": "0.00431800",
		"qty": "11113.00000000",
		"quoteQty": "47.98593400",
		"time": 1654164010659,
		"isBuyerMaker": true,
		"isBestMatch": true
	},
	{
		"id": 172,
		"price": "0.00431700",
		"qty": "41459.00000000",
		"quoteQty": "178.97850300",
		"time": 1654164010659,
		"isBuyerMaker": true,
		"isBestMatch": true
	},
	{
		"id": 173,
		"price": "0.00431700",
		"qty": "5386.00000000",
		"quoteQty": "23.25136200",
		"time": 1654164010659,
		"isBuyerMaker": true,
		"isBestMatch": true
	},
	{
		"id": 174,
		"price": "0.00436400",
		"qty": "3732.00000000",
		"quoteQty": "16.28644800",
		"time": 1654164010836,
		"isBuyerMaker": false,
		"isBestMatch": true
	},
	{
		"id": 175,
		"price": "0.00436200",
		"qty": "35717.00000000",
		"quoteQty": "155.79755400",
		"time": 1654164010991,
		"isBuyerMaker": false,
		"isBestMatch": true
	},
	{
		"id": 176,
		"price": "0.00436200",
		"qty": "16540.00000000",
		"quoteQty": "72.14748000",
		"time": 1654164010999,
		"isBuyerMaker": false,
		"isBestMatch": true
	},
	{
		"id": 177,
		"price": "0.00436000",
		"qty": "22476.00000000",
		"quoteQty": "97.99536000",
		"time": 1654164011251,
		"isBuyerMaker": false,
		"isBestMatch": true
	},
	{
		"id": 178,
		"price": "0.00432100",
		"qty": "24878.00000000",
		"quoteQty": "107.49783800",
		"time": 1654164011263,
		"isBuyerMaker": true,
		"isBestMatch": true
	},
	{
		"id": 179,
		"price": "0.00432100",
		"qty": "69937.00000000",
		"quoteQty": "302.19777700",
		"time": 1654164011535,
		"isBuyerMaker": true,
		"isBestMatch": true
	},
	{
		"id": 180,
		"price": "0.00436000",
		"qty": "3073.00000000",
		"quoteQty": "13.39828000",
		"time": 1654164011541,
		"isBuyerMaker": false,
		"isBestMatch": true
	},
	{
		"id": 181,
		"price": "0.00436000",
		"qty": "11238.00000000",
		"quoteQty": "48.99768000",
		"time": 1654164012025,
		"isBuyerMaker": false,
		"isBestMatch": true
	},
	{
		"id": 182,
		"price": "0.00436000",
		"qty": "2974.00000000",
		"quoteQty": "12.96664000",
		"time": 1654164012040,
		"isBuyerMaker": false,
		"isBestMatch": true
	},
	{
		"id": 183,
		"price": "0.00436000",
		"qty": "8689.00000000",
		"quoteQty": "37.88404000",
		"time": 1654164012090,
		"isBuyerMaker": false,
		"isBestMatch": true
	},
	{
		"id": 184,
		"price": "0.00432100",
		"qty": "44364.00000000",
		"quoteQty": "191.69684400",
		"time": 1654164012118,
		"isBuyerMaker": true,
		"isBestMatch": true
	},
	{
		"id": 185,
		"price": "0.00432000",
		"qty": "141130.00000000",
		"quoteQty": "609.68160000",
		"time": 1654164012118,
		"isBuyerMaker": true,
		"isBestMatch": true
	},
	{
		"id": 186,
		"price": "0.00432000",
		"qty": "109465.00000000",
		"quoteQty": "472.88880000",
		"time": 1654164012118,
		"isBuyerMaker": true,
		"isBestMatch": true
	},
	{
		"id": 187,
		"price": "0.00435900",
		"qty": "22941.00000000",
		"quoteQty": "99.99981900",
		"time": 1654164012201,
		"isBuyerMaker": false,
		"isBestMatch": true
	},
	{
		"id": 188,
		"price": "0.00431700",
		"qty": "21936.00000000",
		"quoteQty": "94.69771200",
		"time": 1654164012219,
		"isBuyerMaker": true,
		"isBestMatch": true
	},
	{
		"id": 189,
		"price": "0.00424100",
		"qty": "57064.00000000",
		"quoteQty": "242.00842400",
		"time": 1654164012219,
		"isBuyerMaker": true,
		"isBestMatch": true
	},
	{
		"id": 190,
		"price": "0.00432300",
		"qty": "4626.00000000",
		"quoteQty": "19.99819800",
		"time": 1654164012460,
		"isBuyerMaker": false,
		"isBestMatch": true
	},
	{
		"id": 191,
		"price": "0.00431900",
		"qty": "3243.00000000",
		"quoteQty": "14.00651700",
		"time": 1654164012782,
		"isBuyerMaker": false,
		"isBestMatch": true
	},
	{
		"id": 192,
		"price": "0.00431800",
		"qty": "32509.00000000",
		"quoteQty": "140.37386200",
		"time": 1654164012799,
		"isBuyerMaker": false,
		"isBestMatch": true
	},
	{
		"id": 193,
		"price": "0.00431700",
		"qty": "2432.00000000",
		"quoteQty": "10.49894400",
		"time": 1654164013020,
		"isBuyerMaker": false,
		"isBestMatch": true
	},
	{
		"id": 194,
		"price": "0.00432600",
		"qty": "5707.00000000",
		"quoteQty": "24.68848200",
		"time": 1654164013097,
		"isBuyerMaker": false,
		"isBestMatch": true
	},
	{
		"id": 195,
		"price": "0.00432600",
		"qty": "3385.00000000",
		"quoteQty": "14.64351000",
		"time": 1654164013097,
		"isBuyerMaker": false,
		"isBestMatch": true
	},
	{
		"id": 196,
		"price": "0.00428500",
		"qty": "47972.00000000",
		"quoteQty": "205.56002000",
		"time": 1654164013137,
		"isBuyerMaker": true,
		"isBestMatch": true
	},
	{
		"id": 197,
		"price": "0.00436600",
		"qty": "10785.00000000",
		"quoteQty": "47.08731000",
		"time": 1654164013163,
		"isBuyerMaker": false,
		"isBestMatch": true
	},
	{
		"id": 198,
		"price": "0.00436600",
		"qty": "3435.00000000",
		"quoteQty": "14.99721000",
		"time": 1654164013290,
		"isBuyerMaker": false,
		"isBestMatch": true
	},
	{
		"id": 199,
		"price": "0.00436600",
		"qty": "3730.00000000",
		"quoteQty": "16.28518000",
		"time": 1654164013317,
		"isBuyerMaker": false,
		"isBestMatch": true
	},
	{
		"id": 200,
		"price": "0.00436300",
		"qty": "57508.00000000",
		"quoteQty": "250.90740400",
		"time": 1654164013497,
		"isBuyerMaker": true,
		"isBestMatch": true
	},
	{
		"id": 201,
		"price": "0.00436300",
		"qty": "12430.00000000",
		"quoteQty": "54.23209000",
		"time": 1654164013525,
		"isBuyerMaker": true,
		"isBestMatch": true
	},
	{
		"id": 202,
		"price": "0.00436300",
		"qty": "9937.00000000",
		"quoteQty": "43.35513100",
		"time": 1654164013528,
		"isBuyerMaker": true,
		"isBestMatch": true
	},
	{
		"id": 203,
		"price": "0.00436200",
		"qty": "2493.00000000",
		"quoteQty": "10.87446600",
		"time": 1654164013528,
		"isBuyerMaker": true,
		"isBestMatch": true
	},
	{
		"id": 204,
		"price": "0.00436200",
		"qty": "16942.00000000",
		"quoteQty": "73.90100400",
		"time": 1654164013551,
		"isBuyerMaker": true,
		"isBestMatch": true
	},
	{
		"id": 205,
		"price": "0.00435200",
		"qty": "6039.00000000",
		"quoteQty": "26.28172800",
		"time": 1654164013551,
		"isBuyerMaker": true,
		"isBestMatch": true
	},
	{
		"id": 206,
		"price": "0.00435200",
		"qty": "16841.00000000",
		"quoteQty": "73.29203200",
		"time": 1654164013577,
		"isBuyerMaker": true,
		"isBestMatch": true
	},
	{
		"id": 207,
		"price": "0.00435200",
		"qty": "13301.00000000",
		"quoteQty": "57.88595200",
		"time": 1654164013578,
		"isBuyerMaker": true,
		"isBestMatch": true
	},
	{
		"id": 208,
		"price": "0.00433300",
		"qty": "111596.00000000",
		"quoteQty": "483.54546800",
		"time": 1654164013646,
		"isBuyerMaker": false,
		"isBestMatch": true
	},
	{
		"id": 209,
		"price": "0.00433400",
		"qty": "11290.00000000",
		"quoteQty": "48.93086000",
		"time": 1654164013646,
		"isBuyerMaker": false,
		"isBestMatch": true
	},
	{
		"id": 210,
		"price": "0.00433400",
		"qty": "14250.00000000",
		"quoteQty": "61.75950000",
		"time": 1654164013720,
		"isBuyerMaker": false,
		"isBestMatch": true
	},
	{
		"id": 211,
		"price": "0.00433400",
		"qty": "4396.00000000",
		"quoteQty": "19.05226400",
		"time": 1654164013900,
		"isBuyerMaker": false,
		"isBestMatch": true
	},
	{
		"id": 212,
		"price": "0.00433400",
		"qty": "11217.00000000",
		"quoteQty": "48.61447800",
		"time": 1654164013934,
		"isBuyerMaker": false,
		"isBestMatch": true
	},
	{
		"id": 213,
		"price": "0.00433400",
		"qty": "20852.00000000",
		"quoteQty": "90.37256800",
		"time": 1654164013934,
		"isBuyerMaker": false,
		"isBestMatch": true
	},
	{
		"id": 214,
		"price": "0.00433400",
		"qty": "2420.00000000",
		"quoteQty": "10.48828000",
		"time": 1654164014065,
		"isBuyerMaker": false,
		"isBestMatch": true
	},
	{
		"id": 215,
		"price": "0.00433400",
		"qty": "13509.00000000",
		"quoteQty": "58.54800600",
		"time": 1654164014276,
		"isBuyerMaker": false,
		"isBestMatch": true
	},
	{
		"id": 216,
		"price": "0.00433300",
		"qty": "9163.00000000",
		"quoteQty": "39.70327900",
		"time": 1654164014532,
		"isBuyerMaker": false,
		"isBestMatch": true
	},
	{
		"id": 217,
		"price": "0.00431200",
		"qty": "2502.00000000",
		"quoteQty": "10.78862400",
		"time": 1654164014535,
		"isBuyerMaker": true,
		"isBestMatch": true
	},
	{
		"id": 218,
		"price": "0.00433500",
		"qty": "3540.00000000",
		"quoteQty": "15.34590000",
		"time": 1654164014863,
		"isBuyerMaker": false,
		"isBestMatch": true
	},
	{
		"id": 219,
		"price": "0.00436700",
		"qty": "7899.00000000",
		"quoteQty": "34.49493300",
		"time": 1654164014863,
		"isBuyerMaker": false,
		"isBestMatch": true
	},
	{
		"id": 220,
		"price": "0.00436600",
		"qty": "3228.00000000",
		"quoteQty": "14.09344800",
		"time": 1654164016517,
		"isBuyerMaker": false,
		"isBestMatch": true
	},
	{
		"id": 221,
		"price": "0.00436200",
		"qty": "2384.00000000",
		"quoteQty": "10.39900800",
		"time": 1654164016785,
		"isBuyerMaker": false,
		"isBestMatch": true
	},
	{
		"id": 222,
		"price": "0.00436200",
		"qty": "4416.00000000",
		"quoteQty": "19.26259200",
		"time": 1654164016823,
		"isBuyerMaker": false,
		"isBestMatch": true
	},
	{
		"id": 223,
		"price": "0.00436200",
		"qty": "6863.00000000",
		"quoteQty": "29.93640600",
		"time": 1654164017254,
		"isBuyerMaker": false,
		"isBestMatch": true
	},
	{
		"id": 224,
		"price": "0.00436200",
		"qty": "124224.00000000",
		"quoteQty": "541.86508800",
		"time": 1654164017600,
		"isBuyerMaker": false,
		"isBestMatch": true
	},
	{
		"id": 225,
		"price": "0.00436200",
		"qty": "137001.00000000",
		"quoteQty": "597.59836200",
		"time": 1654164017600,
		"isBuyerMaker": false,
		"isBestMatch": true
	},
	{
		"id": 226,
		"price": "0.00436200",
		"qty": "78070.00000000",
		"quoteQty": "340.54134000",
		"time": 1654164017600,
		"isBuyerMaker": false,
		"isBestMatch": true
	},
	{
		"id": 227,
		"price": "0.00436200",
		"qty": "124716.00000000",
		"quoteQty": "544.01119200",
		"time": 1654164017600,
		"isBuyerMaker": false,
		"isBestMatch": true
	},
	{
		"id": 228,
		"price": "0.00436300",
		"qty": "89584.00000000",
		"quoteQty": "390.85499200",
		"time": 1654164017600,
		"isBuyerMaker": false,
		"isBestMatch": true
	},
	{
		"id": 229,
		"price": "0.00436600",
		"qty": "62332.00000000",
		"quoteQty": "272.14151200",
		"time": 1654164017600,
		"isBuyerMaker": false,
		"isBestMatch": true
	},
	{
		"id": 230,
		"price": "0.00436700",
		"qty": "3214.00000000",
		"quoteQty": "14.03553800",
		"time": 1654164017600,
		"isBuyerMaker": false,
		"isBestMatch": true
	},
	{
		"id": 231,
		"price": "0.00436900",
		"qty": "11557.00000000",
		"quoteQty": "50.49253300",
		"time": 1654164017600,
		"isBuyerMaker": false,
		"isBestMatch": true
	},
	{
		"id": 232,
		"price": "0.00441900",
		"qty": "2493.00000000",
		"quoteQty": "11.01656700",
		"time": 1654164017600,
		"isBuyerMaker": false,
		"isBestMatch": true
	},
	{
		"id": 233,
		"price": "0.00441900",
		"qty": "16942.00000000",
		"quoteQty": "74.86669800",
		"time": 1654164017600,
		"isBuyerMaker": false,
		"isBestMatch": true
	},
	{
		"id": 234,
		"price": "0.00448000",
		"qty": "2275.00000000",
		"quoteQty": "10.19200000",
		"time": 1654164017600,
		"isBuyerMaker": false,
		"isBestMatch": true
	},
	{
		"id": 235,
		"price": "0.00448000",
		"qty": "2275.00000000",
		"quoteQty": "10.19200000",
		"time": 1654164017600,
		"isBuyerMaker": false,
		"isBestMatch": true
	},
	{
		"id": 236,
		"price": "0.00448000",
		"qty": "2275.00000000",
		"quoteQty": "10.19200000",
		"time": 1654164017600,
		"isBuyerMaker": false,
		"isBestMatch": true
	},
	{
		"id": 237,
		"price": "0.00448000",
		"qty": "2275.00000000",
		"quoteQty": "10.19200000",
		"time": 1654164017600,
		"isBuyerMaker": false,
		"isBestMatch": true
	},
	{
		"id": 238,
		"price": "0.00448000",
		"qty": "2275.00000000",
		"quoteQty": "10.19200000",
		"time": 1654164017600,
		"isBuyerMaker": false,
		"isBestMatch": true
	},
	{
		"id": 239,
		"price": "0.00448000",
		"qty": "2275.00000000",
		"quoteQty": "10.19200000",
		"time": 1654164017600,
		"isBuyerMaker": false,
		"isBestMatch": true
	},
	{
		"id": 240,
		"price": "0.00448000",
		"qty": "2275.00000000",
		"quoteQty": "10.19200000",
		"time": 1654164017600,
		"isBuyerMaker": false,
		"isBestMatch": true
	},
	{
		"id": 241,
		"price": "0.00448000",
		"qty": "2275.00000000",
		"quoteQty": "10.19200000",
		"time": 1654164017600,
		"isBuyerMaker": false,
		"isBestMatch": true
	},
	{
		"id": 242,
		"price": "0.00448000",
		"qty": "2275.00000000",
		"quoteQty": "10.19200000",
		"time": 1654164017600,
		"isBuyerMaker": false,
		"isBestMatch": true
	},
	{
		"id": 243,
		"price": "0.00448000",
		"qty": "2274.00000000",
		"quoteQty": "10.18752000",
		"time": 1654164017600,
		"isBuyerMaker": false,
		"isBestMatch": true
	},
	{
		"id": 244,
		"price": "0.00450000",
		"qty": "76789.00000000",
		"quoteQty": "345.55050000",
		"time": 1654164017600,
		"isBuyerMaker": false,
		"isBestMatch": true
	},
	{
		"id": 245,
		"price": "0.00456500",
		"qty": "1013760.00000000",
		"quoteQty": "4627.81440000",
		"time": 1654164017600,
		"isBuyerMaker": false,
		"isBestMatch": true
	},
	{
		"id": 246,
		"price": "0.00458000",
		"qty": "2364.00000000",
		"quoteQty": "10.82712000",
		"time": 1654164017600,
		"isBuyerMaker": false,
		"isBestMatch": true
	},
	{
		"id": 247,
		"price": "0.00459900",
		"qty": "26193.00000000",
		"quoteQty": "120.46160700",
		"time": 1654164017600,
		"isBuyerMaker": false,
		"isBestMatch": true
	},
	{
		"id": 248,
		"price": "0.00459900",
		"qty": "24521.00000000",
		"quoteQty": "112.77207900",
		"time": 1654164017600,
		"isBuyerMaker": false,
		"isBestMatch": true
	},
	{
		"id": 249,
		"price": "0.00459900",
		"qty": "24910.00000000",
		"quoteQty": "114.56109000",
		"time": 1654164017600,
		"isBuyerMaker": false,
		"isBestMatch": true
	},
	{
		"id": 250,
		"price": "0.00460000",
		"qty": "180588.00000000",
		"quoteQty": "830.70480000",
		"time": 1654164017600,
		"isBuyerMaker": false,
		"isBestMatch": true
	},
	{
		"id": 251,
		"price": "0.00473400",
		"qty": "838513.00000000",
		"quoteQty": "3969.52054200",
		"time": 1654164017600,
		"isBuyerMaker": false,
		"isBestMatch": true
	},
	{
		"id": 252,
		"price": "0.00480000",
		"qty": "49756.00000000",
		"quoteQty": "238.82880000",
		"time": 1654164017600,
		"isBuyerMaker": false,
		"isBestMatch": true
	},
	{
		"id": 253,
		"price": "0.00485200",
		"qty": "1215833.00000000",
		"quoteQty": "5899.22171600",
		"time": 1654164017600,
		"isBuyerMaker": false,
		"isBestMatch": true
	},
	{
		"id": 254,
		"price": "0.00490000",
		"qty": "149725.00000000",
		"quoteQty": "733.65250000",
		"time": 1654164017600,
		"isBuyerMaker": false,
		"isBestMatch": true
	},
	{
		"id": 255,
		"price": "0.00437800",
		"qty": "114007.00000000",
		"quoteQty": "499.12264600",
		"time": 1654164017679,
		"isBuyerMaker": true,
		"isBestMatch": true
	},
	{
		"id": 256,
		"price": "0.00437700",
		"qty": "114033.00000000",
		"quoteQty": "499.12244100",
		"time": 1654164017679,
		"isBuyerMaker": true,
		"isBestMatch": true
	},
	{
		"id": 257,
		"price": "0.00433700",
		"qty": "43906.00000000",
		"quoteQty": "190.42032200",
		"time": 1654164017682,
		"isBuyerMaker": true,
		"isBestMatch": true
	},
	{
		"id": 258,
		"price": "0.00433700",
		"qty": "47819.00000000",
		"quoteQty": "207.39100300",
		"time": 1654164017682,
		"isBuyerMaker": true,
		"isBestMatch": true
	},
	{
		"id": 259,
		"price": "0.00433700",
		"qty": "22878.00000000",
		"quoteQty": "99.22188600",
		"time": 1654164017682,
		"isBuyerMaker": true,
		"isBestMatch": true
	},
	{
		"id": 260,
		"price": "0.00435100",
		"qty": "12930.00000000",
		"quoteQty": "56.25843000",
		"time": 1654164017714,
		"isBuyerMaker": false,
		"isBestMatch": true
	},
	{
		"id": 261,
		"price": "0.00436700",
		"qty": "112529.00000000",
		"quoteQty": "491.41414300",
		"time": 1654164017714,
		"isBuyerMaker": false,
		"isBestMatch": true
	},
	{
		"id": 262,
		"price": "0.00436700",
		"qty": "85993.00000000",
		"quoteQty": "375.53143100",
		"time": 1654164017862,
		"isBuyerMaker": false,
		"isBestMatch": true
	},
	{
		"id": 263,
		"price": "0.00439300",
		"qty": "114063.00000000",
		"quoteQty": "501.07875900",
		"time": 1654164017924,
		"isBuyerMaker": true,
		"isBestMatch": true
	},
	{
		"id": 264,
		"price": "0.00439300",
		"qty": "4107.00000000",
		"quoteQty": "18.04205100",
		"time": 1654164017957,
		"isBuyerMaker": true,
		"isBestMatch": true
	},
	{
		"id": 265,
		"price": "0.00436600",
		"qty": "47904.00000000",
		"quoteQty": "209.14886400",
		"time": 1654164018034,
		"isBuyerMaker": false,
		"isBestMatch": true
	},
	{
		"id": 266,
		"price": "0.00436600",
		"qty": "8985.00000000",
		"quoteQty": "39.22851000",
		"time": 1654164018097,
		"isBuyerMaker": false,
		"isBestMatch": true
	},
	{
		"id": 267,
		"price": "0.00436600",
		"qty": "11136.00000000",
		"quoteQty": "48.61977600",
		"time": 1654164018277,
		"isBuyerMaker": false,
		"isBestMatch": true
	},
	{
		"id": 268,
		"price": "0.00436600",
		"qty": "16789.00000000",
		"quoteQty": "73.30077400",
		"time": 1654164018381,
		"isBuyerMaker": false,
		"isBestMatch": true
	},
	{
		"id": 269,
		"price": "0.00456500",
		"qty": "26879.00000000",
		"quoteQty": "122.70263500",
		"time": 1654164018381,
		"isBuyerMaker": false,
		"isBestMatch": true
	},
	{
		"id": 270,
		"price": "0.00437800",
		"qty": "8708.00000000",
		"quoteQty": "38.12362400",
		"time": 1654164018799,
		"isBuyerMaker": true,
		"isBestMatch": true
	},
	{
		"id": 271,
		"price": "0.00437600",
		"qty": "22554.00000000",
		"quoteQty": "98.69630400",
		"time": 1654164019484,
		"isBuyerMaker": true,
		"isBestMatch": true
	},
	{
		"id": 272,
		"price": "0.00440700",
		"qty": "41469.00000000",
		"quoteQty": "182.75388300",
		"time": 1654164019554,
		"isBuyerMaker": false,
		"isBestMatch": true
	},
	{
		"id": 273,
		"price": "0.00440700",
		"qty": "367980.00000000",
		"quoteQty": "1621.68786000",
		"time": 1654164019683,
		"isBuyerMaker": false,
		"isBestMatch": true
	},
	{
		"id": 274,
		"price": "0.00440800",
		"qty": "227354.00000000",
		"quoteQty": "1002.17643200",
		"time": 1654164019734,
		"isBuyerMaker": true,
		"isBestMatch": true
	},
	{
		"id": 275,
		"price": "0.00440800",
		"qty": "12907.00000000",
		"quoteQty": "56.89405600",
		"time": 1654164019763,
		"isBuyerMaker": true,
		"isBestMatch": true
	},
	{
		"id": 276,
		"price": "0.00440800",
		"qty": "12907.00000000",
		"quoteQty": "56.89405600",
		"time": 1654164019770,
		"isBuyerMaker": true,
		"isBestMatch": true
	},
	{
		"id": 277,
		"price": "0.00440800",
		"qty": "22730.00000000",
		"quoteQty": "100.19384000",
		"time": 1654164019801,
		"isBuyerMaker": true,
		"isBestMatch": true
	},
	{
		"id": 278,
		"price": "0.00440800",
		"qty": "552.00000000",
		"quoteQty": "2.43321600",
		"time": 1654164019816,
		"isBuyerMaker": true,
		"isBestMatch": true
	},
	{
		"id": 279,
		"price": "0.00440800",
		"qty": "22593.00000000",
		"quoteQty": "99.58994400",
		"time": 1654164019816,
		"isBuyerMaker": true,
		"isBestMatch": true
	},
	{
		"id": 280,
		"price": "0.00440800",
		"qty": "23016.00000000",
		"quoteQty": "101.45452800",
		"time": 1654164019830,
		"isBuyerMaker": true,
		"isBestMatch": true
	},
	{
		"id": 281,
		"price": "0.00440800",
		"qty": "2632.00000000",
		"quoteQty": "11.60185600",
		"time": 1654164019856,
		"isBuyerMaker": true,
		"isBestMatch": true
	},
	{
		"id": 282,
		"price": "0.00440800",
		"qty": "224692.00000000",
		"quoteQty": "990.44233600",
		"time": 1654164019856,
		"isBuyerMaker": true,
		"isBestMatch": true
	},
	{
		"id": 283,
		"price": "0.00440900",
		"qty": "222159.00000000",
		"quoteQty": "979.49903100",
		"time": 1654164019887,
		"isBuyerMaker": false,
		"isBestMatch": true
	},
	{
		"id": 284,
		"price": "0.00440800",
		"qty": "51453.00000000",
		"quoteQty": "226.80482400",
		"time": 1654164019888,
		"isBuyerMaker": true,
		"isBestMatch": true
	},
	{
		"id": 285,
		"price": "0.00440800",
		"qty": "305.00000000",
		"quoteQty": "1.34444000",
		"time": 1654164019898,
		"isBuyerMaker": true,
		"isBestMatch": true
	},
	{
		"id": 286,
		"price": "0.00440800",
		"qty": "51148.00000000",
		"quoteQty": "225.46038400",
		"time": 1654164019898,
		"isBuyerMaker": true,
		"isBestMatch": true
	},
	{
		"id": 287,
		"price": "0.00440800",
		"qty": "22730.00000000",
		"quoteQty": "100.19384000",
		"time": 1654164019912,
		"isBuyerMaker": true,
		"isBestMatch": true
	},
	{
		"id": 288,
		"price": "0.00444900",
		"qty": "9148.00000000",
		"quoteQty": "40.69945200",
		"time": 1654164019966,
		"isBuyerMaker": false,
		"isBestMatch": true
	},
	{
		"id": 289,
		"price": "0.00440800",
		"qty": "199267.00000000",
		"quoteQty": "878.36893600",
		"time": 1654164019972,
		"isBuyerMaker": true,
		"isBestMatch": true
	},
	{
		"id": 290,
		"price": "0.00440800",
		"qty": "3305.00000000",
		"quoteQty": "14.56844000",
		"time": 1654164019983,
		"isBuyerMaker": true,
		"isBestMatch": true
	},
	{
		"id": 291,
		"price": "0.00440800",
		"qty": "110346.00000000",
		"quoteQty": "486.40516800",
		"time": 1654164019983,
		"isBuyerMaker": true,
		"isBestMatch": true
	},
	{
		"id": 292,
		"price": "0.00440800",
		"qty": "100690.00000000",
		"quoteQty": "443.84152000",
		"time": 1654164019988,
		"isBuyerMaker": true,
		"isBestMatch": true
	},
	{
		"id": 293,
		"price": "0.00440800",
		"qty": "65414.00000000",
		"quoteQty": "288.34491200",
		"time": 1654164020007,
		"isBuyerMaker": true,
		"isBestMatch": true
	},
	{
		"id": 294,
		"price": "0.00440800",
		"qty": "22560.00000000",
		"quoteQty": "99.44448000",
		"time": 1654164020007,
		"isBuyerMaker": true,
		"isBestMatch": true
	},
	{
		"id": 295,
		"price": "0.00440800",
		"qty": "26942.00000000",
		"quoteQty": "118.76033600",
		"time": 1654164020031,
		"isBuyerMaker": true,
		"isBestMatch": true
	},
	{
		"id": 296,
		"price": "0.00440800",
		"qty": "56824.00000000",
		"quoteQty": "250.48019200",
		"time": 1654164020035,
		"isBuyerMaker": true,
		"isBestMatch": true
	},
	{
		"id": 297,
		"price": "0.00440800",
		"qty": "64361.00000000",
		"quoteQty": "283.70328800",
		"time": 1654164020056,
		"isBuyerMaker": true,
		"isBestMatch": true
	},
	{
		"id": 298,
		"price": "0.00440800",
		"qty": "105763.00000000",
		"quoteQty": "466.20330400",
		"time": 1654164020094,
		"isBuyerMaker": true,
		"isBestMatch": true
	},
	{
		"id": 299,
		"price": "0.00440800",
		"qty": "7862.00000000",
		"quoteQty": "34.65569600",
		"time": 1654164020094,
		"isBuyerMaker": true,
		"isBestMatch": true
	},
	{
		"id": 300,
		"price": "0.00440800",
		"qty": "42446.00000000",
		"quoteQty": "187.10196800",
		"time": 1654164020253,
		"isBuyerMaker": true,
		"isBestMatch": true
	},
	{
		"id": 301,
		"price": "0.00440800",
		"qty": "13103.00000000",
		"quoteQty": "57.75802400",
		"time": 1654164020253,
		"isBuyerMaker": true,
		"isBestMatch": true
	},
	{
		"id": 302,
		"price": "0.00440800",
		"qty": "17451.00000000",
		"quoteQty": "76.92400800",
		"time": 1654164020259,
		"isBuyerMaker": true,
		"isBestMatch": true
	},
	{
		"id": 303,
		"price": "0.00440800",
		"qty": "15412.00000000",
		"quoteQty": "67.93609600",
		"time": 1654164020282,
		"isBuyerMaker": true,
		"isBestMatch": true
	},
	{
		"id": 304,
		"price": "0.00440800",
		"qty": "4587.00000000",
		"quoteQty": "20.21949600",
		"time": 1654164020297,
		"isBuyerMaker": true,
		"isBestMatch": true
	},
	{
		"id": 305,
		"price": "0.00440800",
		"qty": "33943.00000000",
		"quoteQty": "149.62074400",
		"time": 1654164020348,
		"isBuyerMaker": true,
		"isBestMatch": true
	},
	{
		"id": 306,
		"price": "0.00441000",
		"qty": "6689.00000000",
		"quoteQty": "29.49849000",
		"time": 1654164020398,
		"isBuyerMaker": false,
		"isBestMatch": true
	},
	{
		"id": 307,
		"price": "0.00441000",
		"qty": "403675.00000000",
		"quoteQty": "1780.20675000",
		"time": 1654164020427,
		"isBuyerMaker": false,
		"isBestMatch": true
	},
	{
		"id": 308,
		"price": "0.00441000",
		"qty": "111258.00000000",
		"quoteQty": "490.64778000",
		"time": 1654164020519,
		"isBuyerMaker": true,
		"isBestMatch": true
	},
	{
		"id": 309,
		"price": "0.00441200",
		"qty": "66035.00000000",
		"quoteQty": "291.34642000",
		"time": 1654164020582,
		"isBuyerMaker": false,
		"isBestMatch": true
	},
	{
		"id": 310,
		"price": "0.00441200",
		"qty": "4533.00000000",
		"quoteQty": "19.99959600",
		"time": 1654164020837,
		"isBuyerMaker": false,
		"isBestMatch": true
	},
	{
		"id": 311,
		"price": "0.00441000",
		"qty": "1923.00000000",
		"quoteQty": "8.48043000",
		"time": 1654164020963,
		"isBuyerMaker": true,
		"isBestMatch": true
	},
	{
		"id": 312,
		"price": "0.00441000",
		"qty": "11215.00000000",
		"quoteQty": "49.45815000",
		"time": 1654164020963,
		"isBuyerMaker": true,
		"isBestMatch": true
	},
	{
		"id": 313,
		"price": "0.00441000",
		"qty": "100233.00000000",
		"quoteQty": "442.02753000",
		"time": 1654164021025,
		"isBuyerMaker": true,
		"isBestMatch": true
	},
	{
		"id": 314,
		"price": "0.00441200",
		"qty": "43811.00000000",
		"quoteQty": "193.29413200",
		"time": 1654164021776,
		"isBuyerMaker": false,
		"isBestMatch": true
	},
	{
		"id": 315,
		"price": "0.00441200",
		"qty": "296409.00000000",
		"quoteQty": "1307.75650800",
		"time": 1654164022059,
		"isBuyerMaker": false,
		"isBestMatch": true
	},
	{
		"id": 316,
		"price": "0.00444800",
		"qty": "7862.00000000",
		"quoteQty": "34.97017600",
		"time": 1654164022059,
		"isBuyerMaker": false,
		"isBestMatch": true
	},
	{
		"id": 317,
		"price": "0.00444800",
		"qty": "42446.00000000",
		"quoteQty": "188.79980800",
		"time": 1654164022059,
		"isBuyerMaker": false,
		"isBestMatch": true
	},
	{
		"id": 318,
		"price": "0.00444900",
		"qty": "8237.00000000",
		"quoteQty": "36.64641300",
		"time": 1654164022059,
		"isBuyerMaker": false,
		"isBestMatch": true
	},
	{
		"id": 319,
		"price": "0.00445600",
		"qty": "51818.00000000",
		"quoteQty": "230.90100800",
		"time": 1654164022069,
		"isBuyerMaker": true,
		"isBestMatch": true
	},
	{
		"id": 320,
		"price": "0.00445600",
		"qty": "14111.00000000",
		"quoteQty": "62.87861600",
		"time": 1654164022070,
		"isBuyerMaker": true,
		"isBestMatch": true
	},
	{
		"id": 321,
		"price": "0.00445600",
		"qty": "7839.00000000",
		"quoteQty": "34.93058400",
		"time": 1654164022082,
		"isBuyerMaker": true,
		"isBestMatch": true
	},
	{
		"id": 322,
		"price": "0.00445600",
		"qty": "22472.00000000",
		"quoteQty": "100.13523200",
		"time": 1654164022089,
		"isBuyerMaker": true,
		"isBestMatch": true
	},
	{
		"id": 323,
		"price": "0.00445600",
		"qty": "15773.00000000",
		"quoteQty": "70.28448800",
		"time": 1654164022107,
		"isBuyerMaker": true,
		"isBestMatch": true
	},
	{
		"id": 324,
		"price": "0.00445600",
		"qty": "40988.00000000",
		"quoteQty": "182.64252800",
		"time": 1654164022107,
		"isBuyerMaker": true,
		"isBestMatch": true
	},
	{
		"id": 325,
		"price": "0.00445600",
		"qty": "5361.00000000",
		"quoteQty": "23.88861600",
		"time": 1654164022109,
		"isBuyerMaker": true,
		"isBestMatch": true
	},
	{
		"id": 326,
		"price": "0.00446400",
		"qty": "22554.00000000",
		"quoteQty": "100.68105600",
		"time": 1654164022116,
		"isBuyerMaker": false,
		"isBestMatch": true
	},
	{
		"id": 327,
		"price": "0.00448100",
		"qty": "10942.00000000",
		"quoteQty": "49.03110200",
		"time": 1654164022116,
		"isBuyerMaker": false,
		"isBestMatch": true
	},
	{
		"id": 328,
		"price": "0.00445600",
		"qty": "46084.00000000",
		"quoteQty": "205.35030400",
		"time": 1654164022118,
		"isBuyerMaker": true,
		"isBestMatch": true
	},
	{
		"id": 329,
		"price": "0.00445600",
		"qty": "15680.00000000",
		"quoteQty": "69.87008000",
		"time": 1654164022121,
		"isBuyerMaker": true,
		"isBestMatch": true
	},
	{
		"id": 330,
		"price": "0.00445600",
		"qty": "3900.00000000",
		"quoteQty": "17.37840000",
		"time": 1654164022137,
		"isBuyerMaker": true,
		"isBestMatch": true
	},
	{
		"id": 331,
		"price": "0.00445600",
		"qty": "1070.00000000",
		"quoteQty": "4.76792000",
		"time": 1654164022137,
		"isBuyerMaker": true,
		"isBestMatch": true
	},
	{
		"id": 332,
		"price": "0.00445600",
		"qty": "47642.00000000",
		"quoteQty": "212.29275200",
		"time": 1654164022145,
		"isBuyerMaker": true,
		"isBestMatch": true
	},
	{
		"id": 333,
		"price": "0.00445600",
		"qty": "17636.00000000",
		"quoteQty": "78.58601600",
		"time": 1654164022145,
		"isBuyerMaker": true,
		"isBestMatch": true
	},
	{
		"id": 334,
		"price": "0.00445600",
		"qty": "52612.00000000",
		"quoteQty": "234.43907200",
		"time": 1654164022146,
		"isBuyerMaker": true,
		"isBestMatch": true
	},
	{
		"id": 335,
		"price": "0.00445600",
		"qty": "13968.00000000",
		"quoteQty": "62.24140800",
		"time": 1654164022153,
		"isBuyerMaker": true,
		"isBestMatch": true
	},
	{
		"id": 336,
		"price": "0.00448000",
		"qty": "2266.00000000",
		"quoteQty": "10.15168000",
		"time": 1654164022157,
		"isBuyerMaker": false,
		"isBestMatch": true
	},
	{
		"id": 337,
		"price": "0.00445600",
		"qty": "11929.00000000",
		"quoteQty": "53.15562400",
		"time": 1654164022164,
		"isBuyerMaker": true,
		"isBestMatch": true
	},
	{
		"id": 338,
		"price": "0.00445600",
		"qty": "15868.00000000",
		"quoteQty": "70.70780800",
		"time": 1654164022165,
		"isBuyerMaker": true,
		"isBestMatch": true
	},
	{
		"id": 339,
		"price": "0.00445600",
		"qty": "97654.00000000",
		"quoteQty": "435.14622400",
		"time": 1654164022165,
		"isBuyerMaker": true,
		"isBestMatch": true
	},
	{
		"id": 340,
		"price": "0.00445600",
		"qty": "14359.00000000",
		"quoteQty": "63.98370400",
		"time": 1654164022169,
		"isBuyerMaker": true,
		"isBestMatch": true
	},
	{
		"id": 341,
		"price": "0.00445600",
		"qty": "13438.00000000",
		"quoteQty": "59.87972800",
		"time": 1654164022169,
		"isBuyerMaker": true,
		"isBestMatch": true
	},
	{
		"id": 342,
		"price": "0.00445600",
		"qty": "41519.00000000",
		"quoteQty": "185.00866400",
		"time": 1654164022172,
		"isBuyerMaker": true,
		"isBestMatch": true
	},
	{
		"id": 343,
		"price": "0.00445600",
		"qty": "14076.00000000",
		"quoteQty": "62.72265600",
		"time": 1654164022185,
		"isBuyerMaker": true,
		"isBestMatch": true
	},
	{
		"id": 344,
		"price": "0.00445600",
		"qty": "6898.00000000",
		"quoteQty": "30.73748800",
		"time": 1654164022188,
		"isBuyerMaker": true,
		"isBestMatch": true
	},
	{
		"id": 345,
		"price": "0.00445600",
		"qty": "14274.00000000",
		"quoteQty": "63.60494400",
		"time": 1654164022193,
		"isBuyerMaker": true,
		"isBestMatch": true
	},
	{
		"id": 346,
		"price": "0.00445600",
		"qty": "21808.00000000",
		"quoteQty": "97.17644800",
		"time": 1654164022195,
		"isBuyerMaker": true,
		"isBestMatch": true
	},
	{
		"id": 347,
		"price": "0.00445600",
		"qty": "5989.00000000",
		"quoteQty": "26.68698400",
		"time": 1654164022195,
		"isBuyerMaker": true,
		"isBestMatch": true
	},
	{
		"id": 348,
		"price": "0.00445600",
		"qty": "6333.00000000",
		"quoteQty": "28.21984800",
		"time": 1654164022196,
		"isBuyerMaker": true,
		"isBestMatch": true
	},
	{
		"id": 349,
		"price": "0.00445600",
		"qty": "35870.00000000",
		"quoteQty": "159.83672000",
		"time": 1654164022211,
		"isBuyerMaker": true,
		"isBestMatch": true
	},
	{
		"id": 350,
		"price": "0.00445600",
		"qty": "63821.00000000",
		"quoteQty": "284.38637600",
		"time": 1654164022218,
		"isBuyerMaker": true,
		"isBestMatch": true
	},
	{
		"id": 351,
		"price": "0.00445600",
		"qty": "49187.00000000",
		"quoteQty": "219.17727200",
		"time": 1654164022218,
		"isBuyerMaker": true,
		"isBestMatch": true
	},
	{
		"id": 352,
		"price": "0.00445600",
		"qty": "13975.00000000",
		"quoteQty": "62.27260000",
		"time": 1654164022218,
		"isBuyerMaker": true,
		"isBestMatch": true
	},
	{
		"id": 353,
		"price": "0.00445600",
		"qty": "29926.00000000",
		"quoteQty": "133.35025600",
		"time": 1654164022234,
		"isBuyerMaker": true,
		"isBestMatch": true
	},
	{
		"id": 354,
		"price": "0.00445600",
		"qty": "50886.00000000",
		"quoteQty": "226.74801600",
		"time": 1654164022240,
		"isBuyerMaker": true,
		"isBestMatch": true
	},
	{
		"id": 355,
		"price": "0.00443500",
		"qty": "107063.00000000",
		"quoteQty": "474.82440500",
		"time": 1654164022332,
		"isBuyerMaker": false,
		"isBestMatch": true
	},
	{
		"id": 356,
		"price": "0.00443500",
		"qty": "22982.00000000",
		"quoteQty": "101.92517000",
		"time": 1654164022556,
		"isBuyerMaker": false,
		"isBestMatch": true
	},
	{
		"id": 357,
		"price": "0.00443500",
		"qty": "3345.00000000",
		"quoteQty": "14.83507500",
		"time": 1654164022658,
		"isBuyerMaker": false,
		"isBestMatch": true
	},
	{
		"id": 358,
		"price": "0.00443500",
		"qty": "16854.00000000",
		"quoteQty": "74.74749000",
		"time": 1654164022751,
		"isBuyerMaker": false,
		"isBestMatch": true
	},
	{
		"id": 359,
		"price": "0.00442200",
		"qty": "2487.00000000",
		"quoteQty": "10.99751400",
		"time": 1654164023080,
		"isBuyerMaker": true,
		"isBestMatch": true
	},
	{
		"id": 360,
		"price": "0.00443500",
		"qty": "4174.00000000",
		"quoteQty": "18.51169000",
		"time": 1654164023208,
		"isBuyerMaker": false,
		"isBestMatch": true
	},
	{
		"id": 361,
		"price": "0.00443500",
		"qty": "6764.00000000",
		"quoteQty": "29.99834000",
		"time": 1654164023450,
		"isBuyerMaker": false,
		"isBestMatch": true
	},
	{
		"id": 362,
		"price": "0.00441100",
		"qty": "3728.00000000",
		"quoteQty": "16.44420800",
		"time": 1654164023530,
		"isBuyerMaker": true,
		"isBestMatch": true
	},
	{
		"id": 363,
		"price": "0.00443500",
		"qty": "2254.00000000",
		"quoteQty": "9.99649000",
		"time": 1654164023883,
		"isBuyerMaker": false,
		"isBestMatch": true
	},
	{
		"id": 364,
		"price": "0.00443500",
		"qty": "2254.00000000",
		"quoteQty": "9.99649000",
		"time": 1654164023941,
		"isBuyerMaker": false,
		"isBestMatch": true
	},
	{
		"id": 365,
		"price": "0.00441100",
		"qty": "51787.00000000",
		"quoteQty": "228.43245700",
		"time": 1654164023998,
		"isBuyerMaker": true,
		"isBestMatch": true
	},
	{
		"id": 366,
		"price": "0.00441100",
		"qty": "86067.00000000",
		"quoteQty": "379.64153700",
		"time": 1654164024005,
		"isBuyerMaker": true,
		"isBestMatch": true
	},
	{
		"id": 367,
		"price": "0.00441100",
		"qty": "137100.00000000",
		"quoteQty": "604.74810000",
		"time": 1654164024005,
		"isBuyerMaker": true,
		"isBestMatch": true
	},
	{
		"id": 368,
		"price": "0.00441100",
		"qty": "137074.00000000",
		"quoteQty": "604.63341400",
		"time": 1654164024005,
		"isBuyerMaker": true,
		"isBestMatch": true
	},
	{
		"id": 369,
		"price": "0.00441100",
		"qty": "138091.00000000",
		"quoteQty": "609.11940100",
		"time": 1654164024005,
		"isBuyerMaker": true,
		"isBestMatch": true
	},
	{
		"id": 370,
		"price": "0.00441100",
		"qty": "138948.00000000",
		"quoteQty": "612.89962800",
		"time": 1654164024005,
		"isBuyerMaker": true,
		"isBestMatch": true
	},
	{
		"id": 371,
		"price": "0.00441100",
		"qty": "138599.00000000",
		"quoteQty": "611.36018900",
		"time": 1654164024005,
		"isBuyerMaker": true,
		"isBestMatch": true
	},
	{
		"id": 372,
		"price": "0.00441000",
		"qty": "4381.00000000",
		"quoteQty": "19.32021000",
		"time": 1654164024005,
		"isBuyerMaker": true,
		"isBestMatch": true
	},
	{
		"id": 373,
		"price": "0.00441000",
		"qty": "9218.00000000",
		"quoteQty": "40.65138000",
		"time": 1654164024005,
		"isBuyerMaker": true,
		"isBestMatch": true
	},
	{
		"id": 374,
		"price": "0.00441000",
		"qty": "46297.00000000",
		"quoteQty": "204.16977000",
		"time": 1654164024005,
		"isBuyerMaker": true,
		"isBestMatch": true
	},
	{
		"id": 375,
		"price": "0.00441000",
		"qty": "29489.00000000",
		"quoteQty": "130.04649000",
		"time": 1654164024060,
		"isBuyerMaker": true,
		"isBestMatch": true
	},
	{
		"id": 376,
		"price": "0.00440000",
		"qty": "2400.00000000",
		"quoteQty": "10.56000000",
		"time": 1654164024060,
		"isBuyerMaker": true,
		"isBestMatch": true
	},
	{
		"id": 377,
		"price": "0.00439000",
		"qty": "24284.00000000",
		"quoteQty": "106.60676000",
		"time": 1654164024060,
		"isBuyerMaker": true,
		"isBestMatch": true
	},
	{
		"id": 378,
		"price": "0.00439000",
		"qty": "24284.00000000",
		"quoteQty": "106.60676000",
		"time": 1654164024060,
		"isBuyerMaker": true,
		"isBestMatch": true
	},
	{
		"id": 379,
		"price": "0.00439000",
		"qty": "24284.00000000",
		"quoteQty": "106.60676000",
		"time": 1654164024060,
		"isBuyerMaker": true,
		"isBestMatch": true
	},
	{
		"id": 380,
		"price": "0.00439000",
		"qty": "24284.00000000",
		"quoteQty": "106.60676000",
		"time": 1654164024060,
		"isBuyerMaker": true,
		"isBestMatch": true
	},
	{
		"id": 381,
		"price": "0.00439000",
		"qty": "24284.00000000",
		"quoteQty": "106.60676000",
		"time": 1654164024060,
		"isBuyerMaker": true,
		"isBestMatch": true
	},
	{
		"id": 382,
		"price": "0.00439000",
		"qty": "24284.00000000",
		"quoteQty": "106.60676000",
		"time": 1654164024060,
		"isBuyerMaker": true,
		"isBestMatch": true
	},
	{
		"id": 383,
		"price": "0.00439000",
		"qty": "24284.00000000",
		"quoteQty": "106.60676000",
		"time": 1654164024060,
		"isBuyerMaker": true,
		"isBestMatch": true
	},
	{
		"id": 384,
		"price": "0.00439000",
		"qty": "24284.00000000",
		"quoteQty": "106.60676000",
		"time": 1654164024060,
		"isBuyerMaker": true,
		"isBestMatch": true
	},
	{
		"id": 385,
		"price": "0.00439000",
		"qty": "24284.00000000",
		"quoteQty": "106.60676000",
		"time": 1654164024060,
		"isBuyerMaker": true,
		"isBestMatch": true
	},
	{
		"id": 386,
		"price": "0.00439000",
		"qty": "24284.00000000",
		"quoteQty": "106.60676000",
		"time": 1654164024060,
		"isBuyerMaker": true,
		"isBestMatch": true
	},
	{
		"id": 387,
		"price": "0.00437800",
		"qty": "45506.00000000",
		"quoteQty": "199.22526800",
		"time": 1654164024060,
		"isBuyerMaker": true,
		"isBestMatch": true
	},
	{
		"id": 388,
		"price": "0.00437600",
		"qty": "11882.00000000",
		"quoteQty": "51.99563200",
		"time": 1654164024060,
		"isBuyerMaker": true,
		"isBestMatch": true
	},
	{
		"id": 389,
		"price": "0.00437600",
		"qty": "12881.00000000",
		"quoteQty": "56.36725600",
		"time": 1654164024060,
		"isBuyerMaker": true,
		"isBestMatch": true
	},
	{
		"id": 390,
		"price": "0.00437600",
		"qty": "10125.00000000",
		"quoteQty": "44.30700000",
		"time": 1654164024060,
		"isBuyerMaker": true,
		"isBestMatch": true
	},
	{
		"id": 391,
		"price": "0.00437200",
		"qty": "50304.00000000",
		"quoteQty": "219.92908800",
		"time": 1654164024060,
		"isBuyerMaker": true,
		"isBestMatch": true
	},
	{
		"id": 392,
		"price": "0.00437100",
		"qty": "30680.00000000",
		"quoteQty": "134.10228000",
		"time": 1654164024060,
		"isBuyerMaker": true,
		"isBestMatch": true
	},
	{
		"id": 393,
		"price": "0.00436700",
		"qty": "3894.00000000",
		"quoteQty": "17.00509800",
		"time": 1654164024060,
		"isBuyerMaker": true,
		"isBestMatch": true
	},
	{
		"id": 394,
		"price": "0.00436700",
		"qty": "126328.00000000",
		"quoteQty": "551.67437600",
		"time": 1654164024060,
		"isBuyerMaker": true,
		"isBestMatch": true
	},
	{
		"id": 395,
		"price": "0.00436700",
		"qty": "2299.00000000",
		"quoteQty": "10.03973300",
		"time": 1654164024060,
		"isBuyerMaker": true,
		"isBestMatch": true
	},
	{
		"id": 396,
		"price": "0.00436700",
		"qty": "4358.00000000",
		"quoteQty": "19.03138600",
		"time": 1654164024060,
		"isBuyerMaker": true,
		"isBestMatch": true
	},
	{
		"id": 397,
		"price": "0.00436600",
		"qty": "564827.00000000",
		"quoteQty": "2466.03468200",
		"time": 1654164024060,
		"isBuyerMaker": true,
		"isBestMatch": true
	},
	{
		"id": 398,
		"price": "0.00441000",
		"qty": "29685.00000000",
		"quoteQty": "130.91085000",
		"time": 1654164024270,
		"isBuyerMaker": true,
		"isBestMatch": true
	},
	{
		"id": 399,
		"price": "0.00441000",
		"qty": "9558.00000000",
		"quoteQty": "42.15078000",
		"time": 1654164024342,
		"isBuyerMaker": true,
		"isBestMatch": true
	},
	{
		"id": 400,
		"price": "0.00443400",
		"qty": "21778.00000000",
		"quoteQty": "96.56365200",
		"time": 1654164024346,
		"isBuyerMaker": false,
		"isBestMatch": true
	},
	{
		"id": 401,
		"price": "0.00441000",
		"qty": "15662.00000000",
		"quoteQty": "69.06942000",
		"time": 1654164024420,
		"isBuyerMaker": true,
		"isBestMatch": true
	},
	{
		"id": 402,
		"price": "0.00443400",
		"qty": "3044.00000000",
		"quoteQty": "13.49709600",
		"time": 1654164024477,
		"isBuyerMaker": false,
		"isBestMatch": true
	},
	{
		"id": 403,
		"price": "0.00443400",
		"qty": "43196.00000000",
		"quoteQty": "191.53106400",
		"time": 1654164024488,
		"isBuyerMaker": false,
		"isBestMatch": true
	},
	{
		"id": 404,
		"price": "0.00439100",
		"qty": "15523.00000000",
		"quoteQty": "68.16149300",
		"time": 1654164024809,
		"isBuyerMaker": false,
		"isBestMatch": true
	},
	{
		"id": 405,
		"price": "0.00439100",
		"qty": "11363.00000000",
		"quoteQty": "49.89493300",
		"time": 1654164024844,
		"isBuyerMaker": false,
		"isBestMatch": true
	},
	{
		"id": 406,
		"price": "0.00439000",
		"qty": "43906.00000000",
		"quoteQty": "192.74734000",
		"time": 1654164025389,
		"isBuyerMaker": false,
		"isBestMatch": true
	},
	{
		"id": 407,
		"price": "0.00439100",
		"qty": "56094.00000000",
		"quoteQty": "246.30875400",
		"time": 1654164025389,
		"isBuyerMaker": false,
		"isBestMatch": true
	},
	{
		"id": 408,
		"price": "0.00437200",
		"qty": "42787.00000000",
		"quoteQty": "187.06476400",
		"time": 1654164025941,
		"isBuyerMaker": true,
		"isBestMatch": true
	},
	{
		"id": 409,
		"price": "0.00437100",
		"qty": "42787.00000000",
		"quoteQty": "187.02197700",
		"time": 1654164026384,
		"isBuyerMaker": true,
		"isBestMatch": true
	},
	{
		"id": 410,
		"price": "0.00436700",
		"qty": "4579.00000000",
		"quoteQty": "19.99649300",
		"time": 1654164026384,
		"isBuyerMaker": true,
		"isBestMatch": true
	},
	{
		"id": 411,
		"price": "0.00436600",
		"qty": "8911.00000000",
		"quoteQty": "38.90542600",
		"time": 1654164026384,
		"isBuyerMaker": true,
		"isBestMatch": true
	},
	{
		"id": 412,
		"price": "0.00436500",
		"qty": "2641.00000000",
		"quoteQty": "11.52796500",
		"time": 1654164026384,
		"isBuyerMaker": true,
		"isBestMatch": true
	},
	{
		"id": 413,
		"price": "0.00436300",
		"qty": "2472.00000000",
		"quoteQty": "10.78533600",
		"time": 1654164026384,
		"isBuyerMaker": true,
		"isBestMatch": true
	},
	{
		"id": 414,
		"price": "0.00436200",
		"qty": "12707.00000000",
		"quoteQty": "55.42793400",
		"time": 1654164026384,
		"isBuyerMaker": true,
		"isBestMatch": true
	},
	{
		"id": 415,
		"price": "0.00435200",
		"qty": "2527.00000000",
		"quoteQty": "10.99750400",
		"time": 1654164026384,
		"isBuyerMaker": true,
		"isBestMatch": true
	},
	{
		"id": 416,
		"price": "0.00434100",
		"qty": "229713.00000000",
		"quoteQty": "997.18413300",
		"time": 1654164026384,
		"isBuyerMaker": true,
		"isBestMatch": true
	},
	{
		"id": 417,
		"price": "0.00434000",
		"qty": "187854.00000000",
		"quoteQty": "815.28636000",
		"time": 1654164026384,
		"isBuyerMaker": true,
		"isBestMatch": true
	},
	{
		"id": 418,
		"price": "0.00433900",
		"qty": "24881.00000000",
		"quoteQty": "107.95865900",
		"time": 1654164026384,
		"isBuyerMaker": true,
		"isBestMatch": true
	},
	{
		"id": 419,
		"price": "0.00433500",
		"qty": "116289.00000000",
		"quoteQty": "504.11281500",
		"time": 1654164026384,
		"isBuyerMaker": true,
		"isBestMatch": true
	},
	{
		"id": 420,
		"price": "0.00433400",
		"qty": "116316.00000000",
		"quoteQty": "504.11354400",
		"time": 1654164026384,
		"isBuyerMaker": true,
		"isBestMatch": true
	},
	{
		"id": 421,
		"price": "0.00433400",
		"qty": "4914.00000000",
		"quoteQty": "21.29727600",
		"time": 1654164026384,
		"isBuyerMaker": true,
		"isBestMatch": true
	},
	{
		"id": 422,
		"price": "0.00433400",
		"qty": "4153.00000000",
		"quoteQty": "17.99910200",
		"time": 1654164026384,
		"isBuyerMaker": true,
		"isBestMatch": true
	},
	{
		"id": 423,
		"price": "0.00433200",
		"qty": "23146.00000000",
		"quoteQty": "100.26847200",
		"time": 1654164026384,
		"isBuyerMaker": true,
		"isBestMatch": true
	},
	{
		"id": 424,
		"price": "0.00432300",
		"qty": "12650.00000000",
		"quoteQty": "54.68595000",
		"time": 1654164026384,
		"isBuyerMaker": true,
		"isBestMatch": true
	},
	{
		"id": 425,
		"price": "0.00432300",
		"qty": "20136.00000000",
		"quoteQty": "87.04792800",
		"time": 1654164026384,
		"isBuyerMaker": true,
		"isBestMatch": true
	},
	{
		"id": 426,
		"price": "0.00431700",
		"qty": "83109.00000000",
		"quoteQty": "358.78155300",
		"time": 1654164026384,
		"isBuyerMaker": true,
		"isBestMatch": true
	},
	{
		"id": 427,
		"price": "0.00430600",
		"qty": "22991.00000000",
		"quoteQty": "98.99924600",
		"time": 1654164026384,
		"isBuyerMaker": true,
		"isBestMatch": true
	},
	{
		"id": 428,
		"price": "0.00430200",
		"qty": "49076.00000000",
		"quoteQty": "211.12495200",
		"time": 1654164026384,
		"isBuyerMaker": true,
		"isBestMatch": true
	},
	{
		"id": 429,
		"price": "0.00430000",
		"qty": "2722.00000000",
		"quoteQty": "11.70460000",
		"time": 1654164026384,
		"isBuyerMaker": true,
		"isBestMatch": true
	},
	{
		"id": 430,
		"price": "0.00428500",
		"qty": "103967.00000000",
		"quoteQty": "445.49859500",
		"time": 1654164026384,
		"isBuyerMaker": true,
		"isBestMatch": true
	},
	{
		"id": 431,
		"price": "0.00428100",
		"qty": "92501.00000000",
		"quoteQty": "395.99678100",
		"time": 1654164026384,
		"isBuyerMaker": true,
		"isBestMatch": true
	},
	{
		"id": 432,
		"price": "0.00426500",
		"qty": "11606.00000000",
		"quoteQty": "49.49959000",
		"time": 1654164026384,
		"isBuyerMaker": true,
		"isBestMatch": true
	},
	{
		"id": 433,
		"price": "0.00426200",
		"qty": "154702.00000000",
		"quoteQty": "659.33992400",
		"time": 1654164026384,
		"isBuyerMaker": true,
		"isBestMatch": true
	},
	{
		"id": 434,
		"price": "0.00425200",
		"qty": "4203.00000000",
		"quoteQty": "17.87115600",
		"time": 1654164026395,
		"isBuyerMaker": false,
		"isBestMatch": true
	},
	{
		"id": 435,
		"price": "0.00425200",
		"qty": "34767.00000000",
		"quoteQty": "147.82928400",
		"time": 1654164026395,
		"isBuyerMaker": false,
		"isBestMatch": true
	},
	{
		"id": 436,
		"price": "0.00425200",
		"qty": "12068.00000000",
		"quoteQty": "51.31313600",
		"time": 1654164026422,
		"isBuyerMaker": false,
		"isBestMatch": true
	},
	{
		"id": 437,
		"price": "0.00425200",
		"qty": "11722.00000000",
		"quoteQty": "49.84194400",
		"time": 1654164026428,
		"isBuyerMaker": false,
		"isBestMatch": true
	},
	{
		"id": 438,
		"price": "0.00425200",
		"qty": "434616.00000000",
		"quoteQty": "1847.98723200",
		"time": 1654164026435,
		"isBuyerMaker": false,
		"isBestMatch": true
	},
	{
		"id": 439,
		"price": "0.00435200",
		"qty": "34469.00000000",
		"quoteQty": "150.00908800",
		"time": 1654164026435,
		"isBuyerMaker": false,
		"isBestMatch": true
	},
	{
		"id": 440,
		"price": "0.00427700",
		"qty": "184410.00000000",
		"quoteQty": "788.72157000",
		"time": 1654164026451,
		"isBuyerMaker": true,
		"isBestMatch": true
	},
	{
		"id": 441,
		"price": "0.00424900",
		"qty": "58430.00000000",
		"quoteQty": "248.26907000",
		"time": 1654164026451,
		"isBuyerMaker": true,
		"isBestMatch": true
	},
	{
		"id": 442,
		"price": "0.00435200",
		"qty": "11609.00000000",
		"quoteQty": "50.52236800",
		"time": 1654164026457,
		"isBuyerMaker": false,
		"isBestMatch": true
	},
	{
		"id": 443,
		"price": "0.00432400",
		"qty": "2520.00000000",
		"quoteQty": "10.89648000",
		"time": 1654164026485,
		"isBuyerMaker": false,
		"isBestMatch": true
	},
	{
		"id": 444,
		"price": "0.00432400",
		"qty": "6731.00000000",
		"quoteQty": "29.10484400",
		"time": 1654164026492,
		"isBuyerMaker": false,
		"isBestMatch": true
	},
	{
		"id": 445,
		"price": "0.00432400",
		"qty": "9251.00000000",
		"quoteQty": "40.00132400",
		"time": 1654164026492,
		"isBuyerMaker": false,
		"isBestMatch": true
	},
	{
		"id": 446,
		"price": "0.00432400",
		"qty": "7144.00000000",
		"quoteQty": "30.89065600",
		"time": 1654164026492,
		"isBuyerMaker": false,
		"isBestMatch": true
	},
	{
		"id": 447,
		"price": "0.00428600",
		"qty": "47887.00000000",
		"quoteQty": "205.24368200",
		"time": 1654164026552,
		"isBuyerMaker": true,
		"isBestMatch": true
	},
	{
		"id": 448,
		"price": "0.00429700",
		"qty": "2345.00000000",
		"quoteQty": "10.07646500",
		"time": 1654164026630,
		"isBuyerMaker": false,
		"isBestMatch": true
	},
	{
		"id": 449,
		"price": "0.00429700",
		"qty": "2345.00000000",
		"quoteQty": "10.07646500",
		"time": 1654164026630,
		"isBuyerMaker": false,
		"isBestMatch": true
	},
	{
		"id": 450,
		"price": "0.00429700",
		"qty": "198.00000000",
		"quoteQty": "0.85080600",
		"time": 1654164026630,
		"isBuyerMaker": false,
		"isBestMatch": true
	},
	{
		"id": 451,
		"price": "0.00429700",
		"qty": "2147.00000000",
		"quoteQty": "9.22565900",
		"time": 1654164026666,
		"isBuyerMaker": false,
		"isBestMatch": true
	},
	{
		"id": 452,
		"price": "0.00429700",
		"qty": "2345.00000000",
		"quoteQty": "10.07646500",
		"time": 1654164026666,
		"isBuyerMaker": false,
		"isBestMatch": true
	},
	{
		"id": 453,
		"price": "0.00429700",
		"qty": "553.00000000",
		"quoteQty": "2.37624100",
		"time": 1654164026666,
		"isBuyerMaker": false,
		"isBestMatch": true
	},
	{
		"id": 454,
		"price": "0.00429700",
		"qty": "1789.00000000",
		"quoteQty": "7.68733300",
		"time": 1654164026690,
		"isBuyerMaker": false,
		"isBestMatch": true
	},
	{
		"id": 455,
		"price": "0.00432400",
		"qty": "2107.00000000",
		"quoteQty": "9.11066800",
		"time": 1654164026690,
		"isBuyerMaker": false,
		"isBestMatch": true
	},
	{
		"id": 456,
		"price": "0.00432400",
		"qty": "9251.00000000",
		"quoteQty": "40.00132400",
		"time": 1654164026690,
		"isBuyerMaker": false,
		"isBestMatch": true
	},
	{
		"id": 457,
		"price": "0.00432400",
		"qty": "2449.00000000",
		"quoteQty": "10.58947600",
		"time": 1654164026690,
		"isBuyerMaker": false,
		"isBestMatch": true
	},
	{
		"id": 458,
		"price": "0.00432300",
		"qty": "69056.00000000",
		"quoteQty": "298.52908800",
		"time": 1654164026757,
		"isBuyerMaker": false,
		"isBestMatch": true
	},
	{
		"id": 459,
		"price": "0.00432300",
		"qty": "22013.00000000",
		"quoteQty": "95.16219900",
		"time": 1654164026757,
		"isBuyerMaker": false,
		"isBestMatch": true
	},
	{
		"id": 460,
		"price": "0.00430100",
		"qty": "8985.00000000",
		"quoteQty": "38.64448500",
		"time": 1654164026876,
		"isBuyerMaker": false,
		"isBestMatch": true
	},
	{
		"id": 461,
		"price": "0.00432400",
		"qty": "3063.00000000",
		"quoteQty": "13.24441200",
		"time": 1654164026912,
		"isBuyerMaker": false,
		"isBestMatch": true
	},
	{
		"id": 462,
		"price": "0.00432300",
		"qty": "57544.00000000",
		"quoteQty": "248.76271200",
		"time": 1654164027004,
		"isBuyerMaker": false,
		"isBestMatch": true
	},
	{
		"id": 463,
		"price": "0.00434500",
		"qty": "30455.00000000",
		"quoteQty": "132.32697500",
		"time": 1654164027064,
		"isBuyerMaker": false,
		"isBestMatch": true
	},
	{
		"id": 464,
		"price": "0.00429000",
		"qty": "49985.00000000",
		"quoteQty": "214.43565000",
		"time": 1654164027068,
		"isBuyerMaker": true,
		"isBestMatch": true
	},
	{
		"id": 465,
		"price": "0.00434500",
		"qty": "4849.00000000",
		"quoteQty": "21.06890500",
		"time": 1654164027136,
		"isBuyerMaker": false,
		"isBestMatch": true
	},
	{
		"id": 466,
		"price": "0.00430600",
		"qty": "10397.00000000",
		"quoteQty": "44.76948200",
		"time": 1654164027336,
		"isBuyerMaker": false,
		"isBestMatch": true
	},
	{
		"id": 467,
		"price": "0.00430600",
		"qty": "10397.00000000",
		"quoteQty": "44.76948200",
		"time": 1654164027383,
		"isBuyerMaker": false,
		"isBestMatch": true
	},
	{
		"id": 468,
		"price": "0.00430600",
		"qty": "10397.00000000",
		"quoteQty": "44.76948200",
		"time": 1654164027517,
		"isBuyerMaker": false,
		"isBestMatch": true
	},
	{
		"id": 469,
		"price": "0.00430600",
		"qty": "10397.00000000",
		"quoteQty": "44.76948200",
		"time": 1654164027789,
		"isBuyerMaker": false,
		"isBestMatch": true
	},
	{
		"id": 470,
		"price": "0.00430600",
		"qty": "10397.00000000",
		"quoteQty": "44.76948200",
		"time": 1654164027789,
		"isBuyerMaker": false,
		"isBestMatch": true
	},
	{
		"id": 471,
		"price": "0.00430600",
		"qty": "10397.00000000",
		"quoteQty": "44.76948200",
		"time": 1654164027789,
		"isBuyerMaker": false,
		"isBestMatch": true
	},
	{
		"id": 472,
		"price": "0.00430600",
		"qty": "10397.00000000",
		"quoteQty": "44.76948200",
		"time": 1654164027789,
		"isBuyerMaker": false,
		"isBestMatch": true
	},
	{
		"id": 473,
		"price": "0.00430600",
		"qty": "10397.00000000",
		"quoteQty": "44.76948200",
		"time": 1654164027789,
		"isBuyerMaker": false,
		"isBestMatch": true
	},
	{
		"id": 474,
		"price": "0.00430600",
		"qty": "10397.00000000",
		"quoteQty": "44.76948200",
		"time": 1654164027789,
		"isBuyerMaker": false,
		"isBestMatch": true
	},
	{
		"id": 475,
		"price": "0.00430600",
		"qty": "7785.00000000",
		"quoteQty": "33.52221000",
		"time": 1654164027789,
		"isBuyerMaker": false,
		"isBestMatch": true
	},
	{
		"id": 476,
		"price": "0.00429800",
		"qty": "11136.00000000",
		"quoteQty": "47.86252800",
		"time": 1654164027908,
		"isBuyerMaker": true,
		"isBestMatch": true
	},
	{
		"id": 477,
		"price": "0.00430600",
		"qty": "2609.00000000",
		"quoteQty": "11.23435400",
		"time": 1654164027947,
		"isBuyerMaker": false,
		"isBestMatch": true
	},
	{
		"id": 478,
		"price": "0.00432000",
		"qty": "38888.00000000",
		"quoteQty": "167.99616000",
		"time": 1654164028058,
		"isBuyerMaker": false,
		"isBestMatch": true
	},
	{
		"id": 479,
		"price": "0.00432100",
		"qty": "2391.00000000",
		"quoteQty": "10.33151100",
		"time": 1654164028388,
		"isBuyerMaker": false,
		"isBestMatch": true
	},
	{
		"id": 480,
		"price": "0.00432100",
		"qty": "4285.00000000",
		"quoteQty": "18.51548500",
		"time": 1654164028434,
		"isBuyerMaker": false,
		"isBestMatch": true
	},
	{
		"id": 481,
		"price": "0.00432100",
		"qty": "2361.00000000",
		"quoteQty": "10.20188100",
		"time": 1654164028495,
		"isBuyerMaker": false,
		"isBestMatch": true
	},
	{
		"id": 482,
		"price": "0.00432100",
		"qty": "6170.00000000",
		"quoteQty": "26.66057000",
		"time": 1654164028734,
		"isBuyerMaker": false,
		"isBestMatch": true
	},
	{
		"id": 483,
		"price": "0.00432100",
		"qty": "44945.00000000",
		"quoteQty": "194.20734500",
		"time": 1654164029106,
		"isBuyerMaker": false,
		"isBestMatch": true
	},
	{
		"id": 484,
		"price": "0.00430500",
		"qty": "11606.00000000",
		"quoteQty": "49.96383000",
		"time": 1654164029249,
		"isBuyerMaker": false,
		"isBestMatch": true
	},
	{
		"id": 485,
		"price": "0.00431900",
		"qty": "45506.00000000",
		"quoteQty": "196.54041400",
		"time": 1654164029356,
		"isBuyerMaker": false,
		"isBestMatch": true
	},
	{
		"id": 486,
		"price": "0.00432100",
		"qty": "2679.00000000",
		"quoteQty": "11.57595900",
		"time": 1654164029356,
		"isBuyerMaker": false,
		"isBestMatch": true
	},
	{
		"id": 487,
		"price": "0.00432100",
		"qty": "27433.00000000",
		"quoteQty": "118.53799300",
		"time": 1654164029356,
		"isBuyerMaker": false,
		"isBestMatch": true
	},
	{
		"id": 488,
		"price": "0.00430400",
		"qty": "127788.00000000",
		"quoteQty": "549.99955200",
		"time": 1654164029711,
		"isBuyerMaker": true,
		"isBestMatch": true
	},
	{
		"id": 489,
		"price": "0.00430300",
		"qty": "143029.00000000",
		"quoteQty": "615.45378700",
		"time": 1654164029711,
		"isBuyerMaker": true,
		"isBestMatch": true
	},
	{
		"id": 490,
		"price": "0.00427600",
		"qty": "11714.00000000",
		"quoteQty": "50.08906400",
		"time": 1654164029711,
		"isBuyerMaker": true,
		"isBestMatch": true
	},
	{
		"id": 491,
		"price": "0.00425800",
		"qty": "23444.00000000",
		"quoteQty": "99.82455200",
		"time": 1654164029711,
		"isBuyerMaker": true,
		"isBestMatch": true
	},
	{
		"id": 492,
		"price": "0.00425400",
		"qty": "211597.00000000",
		"quoteQty": "900.13363800",
		"time": 1654164029711,
		"isBuyerMaker": true,
		"isBestMatch": true
	},
	{
		"id": 493,
		"price": "0.00425300",
		"qty": "11735.00000000",
		"quoteQty": "49.90895500",
		"time": 1654164029711,
		"isBuyerMaker": true,
		"isBestMatch": true
	},
	{
		"id": 494,
		"price": "0.00425300",
		"qty": "23471.00000000",
		"quoteQty": "99.82216300",
		"time": 1654164029711,
		"isBuyerMaker": true,
		"isBestMatch": true
	},
	{
		"id": 495,
		"price": "0.00425300",
		"qty": "23576.00000000",
		"quoteQty": "100.26872800",
		"time": 1654164029711,
		"isBuyerMaker": true,
		"isBestMatch": true
	},
	{
		"id": 496,
		"price": "0.00424700",
		"qty": "20884.00000000",
		"quoteQty": "88.69434800",
		"time": 1654164029711,
		"isBuyerMaker": true,
		"isBestMatch": true
	},
	{
		"id": 497,
		"price": "0.00431100",
		"qty": "12884.00000000",
		"quoteQty": "55.54292400",
		"time": 1654164030396,
		"isBuyerMaker": false,
		"isBestMatch": true
	},
	{
		"id": 498,
		"price": "0.00431200",
		"qty": "92764.00000000",
		"quoteQty": "399.99836800",
		"time": 1654164030635,
		"isBuyerMaker": false,
		"isBestMatch": true
	},
	{
		"id": 499,
		"price": "0.00431300",
		"qty": "2348.00000000",
		"quoteQty": "10.12692400",
		"time": 1654164030852,
		"isBuyerMaker": false,
		"isBestMatch": true
	},
	{
		"id": 500,
		"price": "0.00431300",
		"qty": "1974.00000000",
		"quoteQty": "8.51386200",
		"time": 1654164030852,
		"isBuyerMaker": false,
		"isBestMatch": true
	},
	{
		"id": 501,
		"price": "0.00429700",
		"qty": "27926.00000000",
		"quoteQty": "119.99802200",
		"time": 1654164030894,
		"isBuyerMaker": true,
		"isBestMatch": true
	},
	{
		"id": 502,
		"price": "0.00429300",
		"qty": "58573.00000000",
		"quoteQty": "251.45388900",
		"time": 1654164030894,
		"isBuyerMaker": true,
		"isBestMatch": true
	},
	{
		"id": 503,
		"price": "0.00429200",
		"qty": "23242.00000000",
		"quoteQty": "99.75466400",
		"time": 1654164030894,
		"isBuyerMaker": true,
		"isBestMatch": true
	},
	{
		"id": 504,
		"price": "0.00429000",
		"qty": "52435.00000000",
		"quoteQty": "224.94615000",
		"time": 1654164030894,
		"isBuyerMaker": true,
		"isBestMatch": true
	},
	{
		"id": 505,
		"price": "0.00429000",
		"qty": "58573.00000000",
		"quoteQty": "251.27817000",
		"time": 1654164031005,
		"isBuyerMaker": true,
		"isBestMatch": true
	},
	{
		"id": 506,
		"price": "0.00430700",
		"qty": "38867.00000000",
		"quoteQty": "167.40016900",
		"time": 1654164031179,
		"isBuyerMaker": false,
		"isBestMatch": true
	},
	{
		"id": 507,
		"price": "0.00430700",
		"qty": "33231.00000000",
		"quoteQty": "143.12591700",
		"time": 1654164031393,
		"isBuyerMaker": false,
		"isBestMatch": true
	},
	{
		"id": 508,
		"price": "0.00429400",
		"qty": "42806.00000000",
		"quoteQty": "183.80896400",
		"time": 1654164031563,
		"isBuyerMaker": false,
		"isBestMatch": true
	},
	{
		"id": 509,
		"price": "0.00429500",
		"qty": "2347.00000000",
		"quoteQty": "10.08036500",
		"time": 1654164031706,
		"isBuyerMaker": false,
		"isBestMatch": true
	},
	{
		"id": 510,
		"price": "0.00429500",
		"qty": "2389.00000000",
		"quoteQty": "10.26075500",
		"time": 1654164031706,
		"isBuyerMaker": false,
		"isBestMatch": true
	},
	{
		"id": 511,
		"price": "0.00429000",
		"qty": "12857.00000000",
		"quoteQty": "55.15653000",
		"time": 1654164031807,
		"isBuyerMaker": true,
		"isBestMatch": true
	},
	{
		"id": 512,
		"price": "0.00424100",
		"qty": "70767.00000000",
		"quoteQty": "300.12284700",
		"time": 1654164031807,
		"isBuyerMaker": true,
		"isBestMatch": true
	},
	{
		"id": 513,
		"price": "0.00429500",
		"qty": "2347.00000000",
		"quoteQty": "10.08036500",
		"time": 1654164031823,
		"isBuyerMaker": false,
		"isBestMatch": true
	},
	{
		"id": 514,
		"price": "0.00429500",
		"qty": "2389.00000000",
		"quoteQty": "10.26075500",
		"time": 1654164031823,
		"isBuyerMaker": false,
		"isBestMatch": true
	},
	{
		"id": 515,
		"price": "0.00429500",
		"qty": "2347.00000000",
		"quoteQty": "10.08036500",
		"time": 1654164031946,
		"isBuyerMaker": false,
		"isBestMatch": true
	},
	{
		"id": 516,
		"price": "0.00429500",
		"qty": "2389.00000000",
		"quoteQty": "10.26075500",
		"time": 1654164031946,
		"isBuyerMaker": false,
		"isBestMatch": true
	},
	{
		"id": 517,
		"price": "0.00429500",
		"qty": "2346.00000000",
		"quoteQty": "10.07607000",
		"time": 1654164031946,
		"isBuyerMaker": false,
		"isBestMatch": true
	},
	{
		"id": 518,
		"price": "0.00429500",
		"qty": "2389.00000000",
		"quoteQty": "10.26075500",
		"time": 1654164031946,
		"isBuyerMaker": false,
		"isBestMatch": true
	},
	{
		"id": 519,
		"price": "0.00429500",
		"qty": "2389.00000000",
		"quoteQty": "10.26075500",
		"time": 1654164031946,
		"isBuyerMaker": false,
		"isBestMatch": true
	},
	{
		"id": 520,
		"price": "0.00429500",
		"qty": "2389.00000000",
		"quoteQty": "10.26075500",
		"time": 1654164031946,
		"isBuyerMaker": false,
		"isBestMatch": true
	},
	{
		"id": 521,
		"price": "0.00429500",
		"qty": "537.00000000",
		"quoteQty": "2.30641500",
		"time": 1654164031946,
		"isBuyerMaker": false,
		"isBestMatch": true
	},
	{
		"id": 522,
		"price": "0.00427200",
		"qty": "20413.00000000",
		"quoteQty": "87.20433600",
		"time": 1654164032008,
		"isBuyerMaker": true,
		"isBestMatch": true
	},
	{
		"id": 523,
		"price": "0.00429300",
		"qty": "27926.00000000",
		"quoteQty": "119.88631800",
		"time": 1654164032088,
		"isBuyerMaker": false,
		"isBestMatch": true
	},
	{
		"id": 524,
		"price": "0.00429500",
		"qty": "1852.00000000",
		"quoteQty": "7.95434000",
		"time": 1654164032509,
		"isBuyerMaker": false,
		"isBestMatch": true
	},
	{
		"id": 525,
		"price": "0.00429500",
		"qty": "2389.00000000",
		"quoteQty": "10.26075500",
		"time": 1654164032509,
		"isBuyerMaker": false,
		"isBestMatch": true
	},
	{
		"id": 526,
		"price": "0.00429500",
		"qty": "2385.00000000",
		"quoteQty": "10.24357500",
		"time": 1654164032509,
		"isBuyerMaker": false,
		"isBestMatch": true
	},
	{
		"id": 527,
		"price": "0.00432300",
		"qty": "41557.00000000",
		"quoteQty": "179.65091100",
		"time": 1654164032509,
		"isBuyerMaker": false,
		"isBestMatch": true
	},
	{
		"id": 528,
		"price": "0.00428400",
		"qty": "9000.00000000",
		"quoteQty": "38.55600000",
		"time": 1654164032609,
		"isBuyerMaker": true,
		"isBestMatch": true
	},
	{
		"id": 529,
		"price": "0.00432200",
		"qty": "4841.00000000",
		"quoteQty": "20.92280200",
		"time": 1654164032666,
		"isBuyerMaker": false,
		"isBestMatch": true
	},
	{
		"id": 530,
		"price": "0.00428600",
		"qty": "128325.00000000",
		"quoteQty": "550.00095000",
		"time": 1654164032712,
		"isBuyerMaker": true,
		"isBestMatch": true
	},
	{
		"id": 531,
		"price": "0.00428400",
		"qty": "60277.00000000",
		"quoteQty": "258.22666800",
		"time": 1654164032712,
		"isBuyerMaker": true,
		"isBestMatch": true
	},
	{
		"id": 532,
		"price": "0.00432000",
		"qty": "102694.00000000",
		"quoteQty": "443.63808000",
		"time": 1654164033558,
		"isBuyerMaker": false,
		"isBestMatch": true
	},
	{
		"id": 533,
		"price": "0.00432000",
		"qty": "18540.00000000",
		"quoteQty": "80.09280000",
		"time": 1654164033558,
		"isBuyerMaker": false,
		"isBestMatch": true
	},
	{
		"id": 534,
		"price": "0.00432000",
		"qty": "2552.00000000",
		"quoteQty": "11.02464000",
		"time": 1654164033773,
		"isBuyerMaker": false,
		"isBestMatch": true
	},
	{
		"id": 535,
		"price": "0.00431900",
		"qty": "16519.00000000",
		"quoteQty": "71.34556100",
		"time": 1654164034372,
		"isBuyerMaker": false,
		"isBestMatch": true
	},
	{
		"id": 536,
		"price": "0.00431900",
		"qty": "87678.00000000",
		"quoteQty": "378.68128200",
		"time": 1654164034928,
		"isBuyerMaker": false,
		"isBestMatch": true
	},
	{
		"id": 537,
		"price": "0.00430000",
		"qty": "33033.00000000",
		"quoteQty": "142.04190000",
		"time": 1654164035020,
		"isBuyerMaker": true,
		"isBestMatch": true
	},
	{
		"id": 538,
		"price": "0.00428600",
		"qty": "53149.00000000",
		"quoteQty": "227.79661400",
		"time": 1654164035029,
		"isBuyerMaker": false,
		"isBestMatch": true
	},
	{
		"id": 539,
		"price": "0.00428600",
		"qty": "30840.00000000",
		"quoteQty": "132.18024000",
		"time": 1654164035058,
		"isBuyerMaker": false,
		"isBestMatch": true
	},
	{
		"id": 540,
		"price": "0.00428600",
		"qty": "32850.00000000",
		"quoteQty": "140.79510000",
		"time": 1654164035067,
		"isBuyerMaker": false,
		"isBestMatch": true
	},
	{
		"id": 541,
		"price": "0.00431800",
		"qty": "57665.00000000",
		"quoteQty": "248.99747000",
		"time": 1654164035085,
		"isBuyerMaker": false,
		"isBestMatch": true
	},
	{
		"id": 542,
		"price": "0.00431800",
		"qty": "81283.00000000",
		"quoteQty": "350.97999400",
		"time": 1654164035176,
		"isBuyerMaker": false,
		"isBestMatch": true
	},
	{
		"id": 543,
		"price": "0.00431900",
		"qty": "17061.00000000",
		"quoteQty": "73.68645900",
		"time": 1654164035176,
		"isBuyerMaker": false,
		"isBestMatch": true
	},
	{
		"id": 544,
		"price": "0.00431200",
		"qty": "41293.00000000",
		"quoteQty": "178.05541600",
		"time": 1654164035918,
		"isBuyerMaker": true,
		"isBestMatch": true
	},
	{
		"id": 545,
		"price": "0.00431100",
		"qty": "32659.00000000",
		"quoteQty": "140.79294900",
		"time": 1654164035979,
		"isBuyerMaker": true,
		"isBestMatch": true
	},
	{
		"id": 546,
		"price": "0.00429400",
		"qty": "6864.00000000",
		"quoteQty": "29.47401600",
		"time": 1654164036050,
		"isBuyerMaker": false,
		"isBestMatch": true
	},
	{
		"id": 547,
		"price": "0.00429400",
		"qty": "2581.00000000",
		"quoteQty": "11.08281400",
		"time": 1654164036329,
		"isBuyerMaker": false,
		"isBestMatch": true
	},
	{
		"id": 548,
		"price": "0.00429400",
		"qty": "4377.00000000",
		"quoteQty": "18.79483800",
		"time": 1654164036634,
		"isBuyerMaker": false,
		"isBestMatch": true
	},
	{
		"id": 549,
		"price": "0.00429200",
		"qty": "32850.00000000",
		"quoteQty": "140.99220000",
		"time": 1654164036792,
		"isBuyerMaker": true,
		"isBestMatch": true
	},
	{
		"id": 550,
		"price": "0.00428200",
		"qty": "53198.00000000",
		"quoteQty": "227.79383600",
		"time": 1654164036801,
		"isBuyerMaker": false,
		"isBestMatch": true
	},
	{
		"id": 551,
		"price": "0.00428200",
		"qty": "13365.00000000",
		"quoteQty": "57.22893000",
		"time": 1654164037364,
		"isBuyerMaker": false,
		"isBestMatch": true
	},
	{
		"id": 552,
		"price": "0.00428200",
		"qty": "53190.00000000",
		"quoteQty": "227.75958000",
		"time": 1654164037441,
		"isBuyerMaker": false,
		"isBestMatch": true
	},
	{
		"id": 553,
		"price": "0.00428100",
		"qty": "23242.00000000",
		"quoteQty": "99.49900200",
		"time": 1654164037499,
		"isBuyerMaker": false,
		"isBestMatch": true
	},
	{
		"id": 554,
		"price": "0.00428200",
		"qty": "36852.00000000",
		"quoteQty": "157.80026400",
		"time": 1654164037571,
		"isBuyerMaker": false,
		"isBestMatch": true
	},
	{
		"id": 555,
		"price": "0.00428200",
		"qty": "53198.00000000",
		"quoteQty": "227.79383600",
		"time": 1654164037649,
		"isBuyerMaker": false,
		"isBestMatch": true
	},
	{
		"id": 556,
		"price": "0.00428200",
		"qty": "53198.00000000",
		"quoteQty": "227.79383600",
		"time": 1654164037660,
		"isBuyerMaker": false,
		"isBestMatch": true
	},
	{
		"id": 557,
		"price": "0.00428200",
		"qty": "176470.00000000",
		"quoteQty": "755.64454000",
		"time": 1654164037660,
		"isBuyerMaker": false,
		"isBestMatch": true
	},
	{
		"id": 558,
		"price": "0.00429400",
		"qty": "56673.00000000",
		"quoteQty": "243.35386200",
		"time": 1654164037660,
		"isBuyerMaker": false,
		"isBestMatch": true
	},
	{
		"id": 559,
		"price": "0.00429400",
		"qty": "52997.00000000",
		"quoteQty": "227.56911800",
		"time": 1654164037677,
		"isBuyerMaker": false,
		"isBestMatch": true
	},
	{
		"id": 560,
		"price": "0.00429400",
		"qty": "53050.00000000",
		"quoteQty": "227.79670000",
		"time": 1654164037702,
		"isBuyerMaker": false,
		"isBestMatch": true
	},
	{
		"id": 561,
		"price": "0.00429400",
		"qty": "40424.00000000",
		"quoteQty": "173.58065600",
		"time": 1654164037776,
		"isBuyerMaker": false,
		"isBestMatch": true
	},
	{
		"id": 562,
		"price": "0.00429300",
		"qty": "7067.00000000",
		"quoteQty": "30.33863100",
		"time": 1654164037838,
		"isBuyerMaker": false,
		"isBestMatch": true
	},
	{
		"id": 563,
		"price": "0.00431800",
		"qty": "41293.00000000",
		"quoteQty": "178.30317400",
		"time": 1654164037911,
		"isBuyerMaker": false,
		"isBestMatch": true
	},
	{
		"id": 564,
		"price": "0.00432300",
		"qty": "42397.00000000",
		"quoteQty": "183.28223100",
		"time": 1654164037911,
		"isBuyerMaker": false,
		"isBestMatch": true
	},
	{
		"id": 565,
		"price": "0.00427500",
		"qty": "23444.00000000",
		"quoteQty": "100.22310000",
		"time": 1654164038363,
		"isBuyerMaker": true,
		"isBestMatch": true
	},
	{
		"id": 566,
		"price": "0.00431900",
		"qty": "2882.00000000",
		"quoteQty": "12.44735800",
		"time": 1654164038417,
		"isBuyerMaker": false,
		"isBestMatch": true
	},
	{
		"id": 567,
		"price": "0.00430000",
		"qty": "34883.00000000",
		"quoteQty": "149.99690000",
		"time": 1654164038575,
		"isBuyerMaker": true,
		"isBestMatch": true
	},
	{
		"id": 568,
		"price": "0.00428100",
		"qty": "2517.00000000",
		"quoteQty": "10.77527700",
		"time": 1654164039269,
		"isBuyerMaker": true,
		"isBestMatch": true
	},
	{
		"id": 569,
		"price": "0.00428200",
		"qty": "19960.00000000",
		"quoteQty": "85.46872000",
		"time": 1654164039374,
		"isBuyerMaker": true,
		"isBestMatch": true
	},
	{
		"id": 570,
		"price": "0.00431800",
		"qty": "6043.00000000",
		"quoteQty": "26.09367400",
		"time": 1654164039453,
		"isBuyerMaker": false,
		"isBestMatch": true
	},
	{
		"id": 571,
		"price": "0.00431000",
		"qty": "4736.00000000",
		"quoteQty": "20.41216000",
		"time": 1654164039648,
		"isBuyerMaker": false,
		"isBestMatch": true
	},
	{
		"id": 572,
		"price": "0.00430900",
		"qty": "28765.00000000",
		"quoteQty": "123.94838500",
		"time": 1654164040424,
		"isBuyerMaker": false,
		"isBestMatch": true
	},
	{
		"id": 573,
		"price": "0.00430900",
		"qty": "86152.00000000",
		"quoteQty": "371.22896800",
		"time": 1654164040424,
		"isBuyerMaker": false,
		"isBestMatch": true
	},
	{
		"id": 574,
		"price": "0.00430300",
		"qty": "36464.00000000",
		"quoteQty": "156.90459200",
		"time": 1654164041045,
		"isBuyerMaker": false,
		"isBestMatch": true
	},
	{
		"id": 575,
		"price": "0.00430300",
		"qty": "5501.00000000",
		"quoteQty": "23.67080300",
		"time": 1654164041467,
		"isBuyerMaker": false,
		"isBestMatch": true
	},
	{
		"id": 576,
		"price": "0.00429500",
		"qty": "7549.00000000",
		"quoteQty": "32.42295500",
		"time": 1654164041648,
		"isBuyerMaker": true,
		"isBestMatch": true
	},
	{
		"id": 577,
		"price": "0.00430200",
		"qty": "7549.00000000",
		"quoteQty": "32.47579800",
		"time": 1654164041775,
		"isBuyerMaker": false,
		"isBestMatch": true
	},
	{
		"id": 578,
		"price": "0.00430300",
		"qty": "5985.00000000",
		"quoteQty": "25.75345500",
		"time": 1654164041775,
		"isBuyerMaker": false,
		"isBestMatch": true
	},
	{
		"id": 579,
		"price": "0.00430300",
		"qty": "3154.00000000",
		"quoteQty": "13.57166200",
