[
	{
		"id": 0,
		"price": "0.00051770",
		"qty": "19316.21000000",
		"quoteQty": "10.00000191",
		"time": 1662710400000,
		"isBuyerMaker": false,
		"isBestMatch": true
	},
	{
		"id": 1,
		"price": "0.00061990",
		"qty": "16131.63000000",
		"quoteQty": "9.99999743",
		"time": 1662710400012,
		"isBuyerMaker": false,
		"isBestMatch": true
	},
	{
		"id": 2,
		"price": "0.00061990",
		"qty": "391664.35000000",
		"quoteQty": "242.79273056",
		"time": 1662710400029,
		"isBuyerMaker": false,
		"isBestMatch": true
	},
	{
		"id": 3,
		"price": "0.00061990",
		"qty": "80650.10000000",
		"quoteQty": "49.99499699",
		"time": 1662710400050,
		"isBuyerMaker": false,
		"isBestMatch": true
	},
	{
		"id": 4,
		"price": "0.00054321",
		"qty": "85984.59000000",
		"quoteQty": "46.70768913",
		"time": 1662710400065,
		"isBuyerMaker": false,
		"isBestMatch": true
	},
	{
		"id": 5,
		"price": "0.00054321",
		"qty": "743032.03000000",
		"quoteQty": "403.62242901",
		"time": 1662710400073,
		"isBuyerMaker": false,
		"isBestMatch": true
	},
	{
		"id": 6,
		"price": "0.00054321",
		"qty": "497550.71000000",
		"quoteQty": "270.27452117",
		"time": 1662710400079,
		"isBuyerMaker": false,
		"isBestMatch": true
	},
	{
		"id": 7,
		"price": "0.00054321",
		"qty": "673432.67000000",
		"quoteQty": "365.81536067",
		"time": 1662710400090,
		"isBuyerMaker": false,
		"isBestMatch": true
	},
	{
		"id": 8,
		"price": "0.00055554",
		"qty": "9567858.00000000",
		"quoteQty": "5315.32783332",
		"time": 1662710400090,
		"isBuyerMaker": false,
		"isBestMatch": true
	},
	{
		"id": 9,
		"price": "0.00055555",
		"qty": "4916455.00000000",
		"quoteQty": "2731.33657525",
		"time": 1662710400090,
		"isBuyerMaker": false,
		"isBestMatch": true
	},
	{
		"id": 10,
		"price": "0.00059300",
		"qty": "2862680.00000000",
		"quoteQty": "1697.56924000",
		"time": 1662710400090,
		"isBuyerMaker": false,
		"isBestMatch": true
	},
	{
		"id": 11,
		"price": "0.00061990",
		"qty": "1493607.57000000",
		"quoteQty": "925.88733264",
		"time": 1662710400090,
		"isBuyerMaker": false,
		"isBestMatch": true
	},
	{
		"id": 12,
		"price": "0.00056000",
		"qty": "71196.87000000",
		"quoteQty": "39.87024720",
		"time": 1662710400128,
		"isBuyerMaker": false,
		"isBestMatch": true
	},
	{
		"id": 13,
		"price": "0.00056000",
		"qty": "78582.93000000",
		"quoteQty": "44.00644080",
		"time": 1662710400130,
		"isBuyerMaker": false,
		"isBestMatch": true
	},
	{
		"id": 14,
		"price": "0.00056000",
		"qty": "26642.85000000",
		"quoteQty": "14.91999600",
		"time": 1662710400134,
		"isBuyerMaker": false,
		"isBestMatch": true
	},
	{
		"id": 15,
		"price": "0.00056000",
		"qty": "194872.21000000",
		"quoteQty": "109.12843760",
		"time": 1662710400139,
		"isBuyerMaker": false,
		"isBestMatch": true
	},
	{
		"id": 16,
		"price": "0.00060000",
		"qty": "51749.24000000",
		"quoteQty": "31.04954400",
		"time": 1662710400139,
		"isBuyerMaker": false,
		"isBestMatch": true
	},
	{
		"id": 17,
		"price": "0.00060000",
		"qty": "33018.20000000",
		"quoteQty": "19.81092000",
		"time": 1662710400162,
		"isBuyerMaker": false,
		"isBestMatch": true
	},
	{
		"id": 18,
		"price": "0.00057900",
		"qty": "45154.77000000",
		"quoteQty": "26.14461183",
		"time": 1662710400199,
		"isBuyerMaker": false,
		"isBestMatch": true
	},
	{
		"id": 19,
		"price": "0.00057900",
		"qty": "47081.17000000",
		"quoteQty": "27.25999743",
		"time": 1662710400215,
		"isBuyerMaker": false,
		"isBestMatch": true
	},
	{
		"id": 20,
		"price": "0.00057900",
		"qty": "18998.27000000",
		"quoteQty": "10.99999833",
		"time": 1662710400234,
		"isBuyerMaker": false,
		"isBestMatch": true
	},
	{
		"id": 21,
		"price": "0.00057900",
		"qty": "1036162.93000000",
		"quoteQty": "599.93833647",
		"time": 1662710400235,
		"isBuyerMaker": false,
		"isBestMatch": true
	},
	{
		"id": 22,
		"price": "0.00057900",
		"qty": "88981.00000000",
		"quoteQty": "51.51999900",
		"time": 1662710400255,
		"isBuyerMaker": false,
		"isBestMatch": true
	},
	{
		"id": 23,
		"price": "0.00057900",
		"qty": "363621.86000000",
		"quoteQty": "210.53705694",
		"time": 1662710400274,
		"isBuyerMaker": false,
		"isBestMatch": true
	},
	{
		"id": 24,
		"price": "0.00060000",
		"qty": "692686.69000000",
		"quoteQty": "415.61201400",
		"time": 1662710400274,
		"isBuyerMaker": false,
		"isBestMatch": true
	},
	{
		"id": 25,
		"price": "0.00061989",
		"qty": "6321746.03000000",
		"quoteQty": "3918.78714653",
		"time": 1662710400274,
		"isBuyerMaker": false,
		"isBestMatch": true
	},
	{
		"id": 26,
		"price": "0.00061989",
		"qty": "143360.61000000",
		"quoteQty": "88.86780853",
		"time": 1662710400275,
		"isBuyerMaker": false,
		"isBestMatch": true
	},
	{
		"id": 27,
		"price": "0.00061989",
		"qty": "839765.98000000",
		"quoteQty": "520.56253334",
		"time": 1662710400293,
		"isBuyerMaker": false,
		"isBestMatch": true
	},
	{
		"id": 28,
		"price": "0.00061989",
		"qty": "46314.66000000",
		"quoteQty": "28.70999458",
		"time": 1662710400298,
		"isBuyerMaker": false,
		"isBestMatch": true
	},
	{
		"id": 29,
		"price": "0.00057500",
		"qty": "106806.39000000",
		"quoteQty": "61.41367425",
		"time": 1662710400335,
		"isBuyerMaker": false,
		"isBestMatch": true
	},
	{
		"id": 30,
		"price": "0.00057500",
		"qty": "173913.04000000",
		"quoteQty": "99.99999800",
		"time": 1662710400366,
		"isBuyerMaker": false,
		"isBestMatch": true
	},
	{
		"id": 31,
		"price": "0.00057500",
		"qty": "494699.21000000",
		"quoteQty": "284.45204575",
		"time": 1662710400382,
		"isBuyerMaker": false,
		"isBestMatch": true
	},
	{
		"id": 32,
		"price": "0.00061989",
		"qty": "269552.27000000",
		"quoteQty": "167.09275665",
		"time": 1662710400382,
		"isBuyerMaker": false,
		"isBestMatch": true
	},
	{
		"id": 33,
		"price": "0.00061989",
		"qty": "160914.92000000",
		"quoteQty": "99.74954975",
		"time": 1662710400386,
		"isBuyerMaker": false,
		"isBestMatch": true
	},
	{
		"id": 34,
		"price": "0.00061989",
		"qty": "1613189.43000000",
		"quoteQty": "999.99999576",
		"time": 1662710400388,
		"isBuyerMaker": false,
		"isBestMatch": true
	},
	{
		"id": 35,
		"price": "0.00061989",
		"qty": "184900.10000000",
		"quoteQty": "114.61772298",
		"time": 1662710400391,
		"isBuyerMaker": false,
		"isBestMatch": true
	},
	{
		"id": 36,
		"price": "0.00061990",
		"qty": "106698.30000000",
		"quoteQty": "66.14227617",
		"time": 1662710400391,
		"isBuyerMaker": false,
		"isBestMatch": true
	},
	{
		"id": 37,
		"price": "0.00061990",
		"qty": "48923.21000000",
		"quoteQty": "30.32749787",
		"time": 1662710400430,
		"isBuyerMaker": false,
		"isBestMatch": true
	},
	{
		"id": 38,
		"price": "0.00061990",
		"qty": "49692.29000000",
		"quoteQty": "30.80425057",
		"time": 1662710400431,
		"isBuyerMaker": false,
		"isBestMatch": true
	},
	{
		"id": 39,
		"price": "0.00061990",
		"qty": "16271.87000000",
		"quoteQty": "10.08693221",
		"time": 1662710400443,
		"isBuyerMaker": false,
		"isBestMatch": true
	},
	{
		"id": 40,
		"price": "0.00061990",
		"qty": "120987.25000000",
		"quoteQty": "74.99999627",
		"time": 1662710400474,
		"isBuyerMaker": false,
		"isBestMatch": true
	},
	{
		"id": 41,
		"price": "0.00061990",
		"qty": "7807423.35000000",
		"quoteQty": "4839.82173466",
		"time": 1662710400475,
		"isBuyerMaker": false,
		"isBestMatch": true
	},
	{
		"id": 42,
		"price": "0.00064800",
		"qty": "3258284.91000000",
		"quoteQty": "2111.36862168",
		"time": 1662710400475,
		"isBuyerMaker": false,
		"isBestMatch": true
	},
	{
		"id": 43,
		"price": "0.00058832",
		"qty": "115527.68000000",
		"quoteQty": "67.96724469",
		"time": 1662710400493,
		"isBuyerMaker": false,
		"isBestMatch": true
	},
	{
		"id": 44,
		"price": "0.00058832",
		"qty": "342321.40000000",
		"quoteQty": "201.39452604",
		"time": 1662710400513,
		"isBuyerMaker": false,
		"isBestMatch": true
	},
	{
		"id": 45,
		"price": "0.00058832",
		"qty": "608512.37000000",
		"quoteQty": "357.99999751",
		"time": 1662710400521,
		"isBuyerMaker": false,
		"isBestMatch": true
	},
	{
		"id": 46,
		"price": "0.00058832",
		"qty": "169975.52000000",
		"quoteQty": "99.99999792",
		"time": 1662710400531,
		"isBuyerMaker": false,
		"isBestMatch": true
	},
	{
		"id": 47,
		"price": "0.00058832",
		"qty": "180514.54000000",
		"quoteQty": "106.20031417",
		"time": 1662710400541,
		"isBuyerMaker": false,
		"isBestMatch": true
	},
	{
		"id": 48,
		"price": "0.00058832",
		"qty": "42393.13000000",
		"quoteQty": "24.94072624",
		"time": 1662710400552,
		"isBuyerMaker": false,
		"isBestMatch": true
	},
	{
		"id": 49,
		"price": "0.00058832",
		"qty": "25513.50000000",
		"quoteQty": "15.01010232",
		"time": 1662710400579,
		"isBuyerMaker": false,
		"isBestMatch": true
	},
	{
		"id": 50,
		"price": "0.00058832",
		"qty": "486800.07000000",
		"quoteQty": "286.39421718",
		"time": 1662710400590,
		"isBuyerMaker": false,
		"isBestMatch": true
	},
	{
		"id": 51,
		"price": "0.00060000",
		"qty": "357051.24000000",
		"quoteQty": "214.23074400",
		"time": 1662710400590,
		"isBuyerMaker": false,
		"isBestMatch": true
	},
	{
		"id": 52,
		"price": "0.00060000",
		"qty": "134899.61000000",
		"quoteQty": "80.93976600",
		"time": 1662710400602,
		"isBuyerMaker": false,
		"isBestMatch": true
	},
	{
		"id": 53,
		"price": "0.00060000",
		"qty": "273763.69000000",
		"quoteQty": "164.25821400",
		"time": 1662710400604,
		"isBuyerMaker": false,
		"isBestMatch": true
	},
	{
		"id": 54,
		"price": "0.00060000",
		"qty": "21883.33000000",
		"quoteQty": "13.12999800",
		"time": 1662710400605,
		"isBuyerMaker": false,
		"isBestMatch": true
	},
	{
		"id": 55,
		"price": "0.00058000",
		"qty": "841824.69000000",
		"quoteQty": "488.25832020",
		"time": 1662710400626,
		"isBuyerMaker": false,
		"isBestMatch": true
	},
	{
		"id": 56,
		"price": "0.00058000",
		"qty": "41507.76000000",
		"quoteQty": "24.07450080",
		"time": 1662710400652,
		"isBuyerMaker": false,
		"isBestMatch": true
	},
	{
		"id": 57,
		"price": "0.00058000",
		"qty": "86206.89000000",
		"quoteQty": "49.99999620",
		"time": 1662710400653,
		"isBuyerMaker": false,
		"isBestMatch": true
	},
	{
		"id": 58,
		"price": "0.00058000",
		"qty": "175066.21000000",
		"quoteQty": "101.53840180",
		"time": 1662710400653,
		"isBuyerMaker": false,
		"isBestMatch": true
	},
	{
		"id": 59,
		"price": "0.00058000",
		"qty": "95360.59000000",
		"quoteQty": "55.30914220",
		"time": 1662710400663,
		"isBuyerMaker": false,
		"isBestMatch": true
	},
	{
		"id": 60,
		"price": "0.00058000",
		"qty": "926343.73000000",
		"quoteQty": "537.27936340",
		"time": 1662710400671,
		"isBuyerMaker": false,
		"isBestMatch": true
	},
	{
		"id": 61,
		"price": "0.00058000",
		"qty": "23603.44000000",
		"quoteQty": "13.68999520",
		"time": 1662710400686,
		"isBuyerMaker": false,
		"isBestMatch": true
	},
	{
		"id": 62,
		"price": "0.00058000",
		"qty": "86206.89000000",
		"quoteQty": "49.99999620",
		"time": 1662710400692,
		"isBuyerMaker": false,
		"isBestMatch": true
	},
	{
		"id": 63,
		"price": "0.00058000",
		"qty": "32752.06000000",
		"quoteQty": "18.99619480",
		"time": 1662710400695,
		"isBuyerMaker": false,
		"isBestMatch": true
	},
	{
		"id": 64,
		"price": "0.00058000",
		"qty": "51216.87000000",
		"quoteQty": "29.70578460",
		"time": 1662710400719,
		"isBuyerMaker": false,
		"isBestMatch": true
	},
	{
		"id": 65,
		"price": "0.00058000",
		"qty": "182322.34000000",
		"quoteQty": "105.74695720",
		"time": 1662710400723,
		"isBuyerMaker": false,
		"isBestMatch": true
	},
	{
		"id": 66,
		"price": "0.00058000",
		"qty": "926343.73000000",
		"quoteQty": "537.27936340",
		"time": 1662710400735,
		"isBuyerMaker": false,
		"isBestMatch": true
	},
	{
		"id": 67,
		"price": "0.00058000",
		"qty": "33033.11000000",
		"quoteQty": "19.15920380",
		"time": 1662710400745,
		"isBuyerMaker": false,
		"isBestMatch": true
	},
	{
		"id": 68,
		"price": "0.00058000",
		"qty": "344827.58000000",
		"quoteQty": "199.99999640",
		"time": 1662710400751,
		"isBuyerMaker": false,
		"isBestMatch": true
	},
	{
		"id": 69,
		"price": "0.00058000",
		"qty": "24130.68000000",
		"quoteQty": "13.99579440",
		"time": 1662710400759,
		"isBuyerMaker": false,
		"isBestMatch": true
	},
	{
		"id": 70,
		"price": "0.00058000",
		"qty": "17241.37000000",
		"quoteQty": "9.99999460",
		"time": 1662710400776,
		"isBuyerMaker": false,
		"isBestMatch": true
	},
	{
		"id": 71,
		"price": "0.00058000",
		"qty": "316676.84000000",
		"quoteQty": "183.67256720",
		"time": 1662710400779,
		"isBuyerMaker": false,
		"isBestMatch": true
	},
	{
		"id": 72,
		"price": "0.00058000",
		"qty": "51724.13000000",
		"quoteQty": "29.99999540",
		"time": 1662710400783,
		"isBuyerMaker": false,
		"isBestMatch": true
	},
	{
		"id": 73,
		"price": "0.00058000",
		"qty": "2718192.93000000",
		"quoteQty": "1576.55189940",
		"time": 1662710400799,
		"isBuyerMaker": false,
		"isBestMatch": true
	},
	{
		"id": 74,
		"price": "0.00058000",
		"qty": "150566.11000000",
		"quoteQty": "87.32834380",
		"time": 1662710400804,
		"isBuyerMaker": false,
		"isBestMatch": true
	},
	{
		"id": 75,
		"price": "0.00058000",
		"qty": "306676.87000000",
		"quoteQty": "177.87258460",
		"time": 1662710400806,
		"isBuyerMaker": false,
		"isBestMatch": true
	},
	{
		"id": 76,
		"price": "0.00058000",
		"qty": "602229.92000000",
		"quoteQty": "349.29335360",
		"time": 1662710400812,
		"isBuyerMaker": false,
		"isBestMatch": true
	},
	{
		"id": 77,
		"price": "0.00058000",
		"qty": "211534.48000000",
		"quoteQty": "122.68999840",
		"time": 1662710400827,
		"isBuyerMaker": false,
		"isBestMatch": true
	},
	{
		"id": 78,
		"price": "0.00058000",
		"qty": "172413.79000000",
		"quoteQty": "99.99999820",
		"time": 1662710400838,
		"isBuyerMaker": false,
		"isBestMatch": true
	},
	{
		"id": 79,
		"price": "0.00058000",
		"qty": "21032.56000000",
		"quoteQty": "12.19888480",
		"time": 1662710400838,
		"isBuyerMaker": false,
		"isBestMatch": true
	},
	{
		"id": 80,
		"price": "0.00058000",
		"qty": "4797174.44000000",
		"quoteQty": "2782.36117520",
		"time": 1662710400851,
		"isBuyerMaker": false,
		"isBestMatch": true
	},
	{
		"id": 81,
		"price": "0.00058880",
		"qty": "1741064.80000000",
		"quoteQty": "1025.13895424",
		"time": 1662710400851,
		"isBuyerMaker": false,
		"isBestMatch": true
	},
	{
		"id": 82,
		"price": "0.00058880",
		"qty": "51308.56000000",
		"quoteQty": "30.21048012",
		"time": 1662710400860,
		"isBuyerMaker": false,
		"isBestMatch": true
	},
	{
		"id": 83,
		"price": "0.00055000",
		"qty": "43194.30000000",
		"quoteQty": "23.75686500",
		"time": 1662710400868,
		"isBuyerMaker": false,
		"isBestMatch": true
	},
	{
		"id": 84,
		"price": "0.00055000",
		"qty": "59309.80000000",
		"quoteQty": "32.62039000",
		"time": 1662710400880,
		"isBuyerMaker": false,
		"isBestMatch": true
	},
	{
		"id": 85,
		"price": "0.00055000",
		"qty": "24792.56000000",
		"quoteQty": "13.63590800",
		"time": 1662710400881,
		"isBuyerMaker": false,
		"isBestMatch": true
	},
	{
		"id": 86,
		"price": "0.00055000",
		"qty": "248927.27000000",
		"quoteQty": "136.90999850",
		"time": 1662710400885,
		"isBuyerMaker": false,
		"isBestMatch": true
	},
	{
		"id": 87,
		"price": "0.00055000",
		"qty": "64325.35000000",
		"quoteQty": "35.37894250",
		"time": 1662710400911,
		"isBuyerMaker": false,
		"isBestMatch": true
	},
	{
		"id": 88,
		"price": "0.00055000",
		"qty": "74763.63000000",
		"quoteQty": "41.11999650",
		"time": 1662710400919,
		"isBuyerMaker": false,
		"isBestMatch": true
	},
	{
		"id": 89,
		"price": "0.00055000",
		"qty": "23544.58000000",
		"quoteQty": "12.94951900",
		"time": 1662710400920,
		"isBuyerMaker": false,
		"isBestMatch": true
	},
	{
		"id": 90,
		"price": "0.00055000",
		"qty": "36363.63000000",
		"quoteQty": "19.99999650",
		"time": 1662710400932,
		"isBuyerMaker": false,
		"isBestMatch": true
	},
	{
		"id": 91,
		"price": "0.00055000",
		"qty": "56836.36000000",
		"quoteQty": "31.25999800",
		"time": 1662710400948,
		"isBuyerMaker": false,
		"isBestMatch": true
	},
	{
		"id": 92,
		"price": "0.00055000",
		"qty": "181787.17000000",
		"quoteQty": "99.98294350",
		"time": 1662710400956,
		"isBuyerMaker": false,
		"isBestMatch": true
	},
	{
		"id": 93,
		"price": "0.00055000",
		"qty": "272764.00000000",
		"quoteQty": "150.02020000",
		"time": 1662710400970,
		"isBuyerMaker": false,
		"isBestMatch": true
	},
	{
		"id": 94,
		"price": "0.00055000",
		"qty": "90909.09000000",
		"quoteQty": "49.99999950",
		"time": 1662710400987,
		"isBuyerMaker": false,
		"isBestMatch": true
	},
	{
		"id": 95,
		"price": "0.00055000",
		"qty": "105174.13000000",
		"quoteQty": "57.84577150",
		"time": 1662710400989,
		"isBuyerMaker": false,
		"isBestMatch": true
	},
	{
		"id": 96,
		"price": "0.00055000",
		"qty": "1247925.16000000",
		"quoteQty": "686.35883800",
		"time": 1662710400992,
		"isBuyerMaker": false,
		"isBestMatch": true
	},
	{
		"id": 97,
		"price": "0.00055000",
		"qty": "49091.23000000",
		"quoteQty": "27.00017650",
		"time": 1662710400997,
		"isBuyerMaker": false,
		"isBestMatch": true
	},
	{
		"id": 98,
		"price": "0.00055000",
		"qty": "19888.85000000",
		"quoteQty": "10.93886750",
		"time": 1662710401005,
		"isBuyerMaker": false,
		"isBestMatch": true
	},
	{
		"id": 99,
		"price": "0.00055000",
		"qty": "149600.00000000",
		"quoteQty": "82.28000000",
		"time": 1662710401006,
		"isBuyerMaker": false,
		"isBestMatch": true
	},
	{
		"id": 100,
		"price": "0.00055000",
		"qty": "22640.39000000",
		"quoteQty": "12.45221450",
		"time": 1662710401007,
		"isBuyerMaker": false,
		"isBestMatch": true
	},
	{
		"id": 101,
		"price": "0.00055000",
		"qty": "39011.40000000",
		"quoteQty": "21.45627000",
		"time": 1662710401009,
		"isBuyerMaker": false,
		"isBestMatch": true
	},
	{
		"id": 102,
		"price": "0.00055000",
		"qty": "74538.00000000",
		"quoteQty": "40.99590000",
		"time": 1662710401018,
		"isBuyerMaker": false,
		"isBestMatch": true
	},
	{
		"id": 103,
		"price": "0.00055000",
		"qty": "106853.93000000",
		"quoteQty": "58.76966150",
		"time": 1662710401018,
		"isBuyerMaker": false,
		"isBestMatch": true
	},
	{
		"id": 104,
		"price": "0.00055000",
		"qty": "47144.86000000",
		"quoteQty": "25.92967300",
		"time": 1662710401029,
		"isBuyerMaker": false,
		"isBestMatch": true
	},
	{
		"id": 105,
		"price": "0.00055000",
		"qty": "183754.09000000",
		"quoteQty": "101.06474950",
		"time": 1662710401033,
		"isBuyerMaker": false,
		"isBestMatch": true
	},
	{
		"id": 106,
		"price": "0.00055000",
		"qty": "58764.41000000",
		"quoteQty": "32.32042550",
		"time": 1662710401036,
		"isBuyerMaker": false,
		"isBestMatch": true
	},
	{
		"id": 107,
		"price": "0.00055000",
		"qty": "25072.27000000",
		"quoteQty": "13.78974850",
		"time": 1662710401040,
		"isBuyerMaker": false,
		"isBestMatch": true
	},
	{
		"id": 108,
		"price": "0.00055000",
		"qty": "519435.97000000",
		"quoteQty": "285.68978350",
		"time": 1662710401047,
		"isBuyerMaker": false,
		"isBestMatch": true
	},
	{
		"id": 109,
		"price": "0.00055895",
		"qty": "74782.54000000",
		"quoteQty": "41.79970073",
		"time": 1662710401047,
		"isBuyerMaker": false,
		"isBestMatch": true
	},
	{
		"id": 110,
		"price": "0.00058880",
		"qty": "3903383.94000000",
		"quoteQty": "2298.31246387",
		"time": 1662710401047,
		"isBuyerMaker": false,
		"isBestMatch": true
	},
	{
		"id": 111,
		"price": "0.00059999",
		"qty": "500000.00000000",
		"quoteQty": "299.99500000",
		"time": 1662710401047,
		"isBuyerMaker": false,
		"isBestMatch": true
	},
	{
		"id": 112,
		"price": "0.00060000",
		"qty": "1285905.08000000",
		"quoteQty": "771.54304800",
		"time": 1662710401047,
		"isBuyerMaker": false,
		"isBestMatch": true
	},
	{
		"id": 113,
		"price": "0.00060000",
		"qty": "170597.28000000",
		"quoteQty": "102.35836800",
		"time": 1662710401059,
		"isBuyerMaker": false,
		"isBestMatch": true
	},
	{
		"id": 114,
		"price": "0.00060000",
		"qty": "40099.82000000",
		"quoteQty": "24.05989200",
		"time": 1662710401059,
		"isBuyerMaker": false,
		"isBestMatch": true
	},
	{
		"id": 115,
		"price": "0.00060000",
		"qty": "41666.66000000",
		"quoteQty": "24.99999600",
		"time": 1662710401073,
		"isBuyerMaker": false,
		"isBestMatch": true
	},
	{
		"id": 116,
		"price": "0.00060000",
		"qty": "52254.91000000",
		"quoteQty": "31.35294600",
		"time": 1662710401095,
		"isBuyerMaker": false,
		"isBestMatch": true
	},
	{
		"id": 117,
		"price": "0.00060000",
		"qty": "17224.68000000",
		"quoteQty": "10.33480800",
		"time": 1662710401100,
		"isBuyerMaker": false,
		"isBestMatch": true
	},
	{
		"id": 118,
		"price": "0.00060000",
		"qty": "38503.33000000",
		"quoteQty": "23.10199800",
		"time": 1662710401101,
		"isBuyerMaker": false,
		"isBestMatch": true
	},
	{
		"id": 119,
		"price": "0.00060000",
		"qty": "164967.00000000",
		"quoteQty": "98.98020000",
		"time": 1662710401106,
		"isBuyerMaker": false,
		"isBestMatch": true
	},
	{
		"id": 120,
		"price": "0.00060000",
		"qty": "80833.33000000",
		"quoteQty": "48.49999800",
		"time": 1662710401128,
		"isBuyerMaker": false,
		"isBestMatch": true
	},
	{
		"id": 121,
		"price": "0.00060000",
		"qty": "17134.33000000",
		"quoteQty": "10.28059800",
		"time": 1662710401140,
		"isBuyerMaker": false,
		"isBestMatch": true
	},
	{
		"id": 122,
		"price": "0.00060000",
		"qty": "181299.59000000",
		"quoteQty": "108.77975400",
		"time": 1662710401141,
		"isBuyerMaker": false,
		"isBestMatch": true
	},
	{
		"id": 123,
		"price": "0.00060000",
		"qty": "179147.34000000",
		"quoteQty": "107.48840400",
		"time": 1662710401150,
		"isBuyerMaker": false,
		"isBestMatch": true
	},
	{
		"id": 124,
		"price": "0.00060000",
		"qty": "154185.99000000",
		"quoteQty": "92.51159400",
		"time": 1662710401150,
		"isBuyerMaker": false,
		"isBestMatch": true
	},
	{
		"id": 125,
		"price": "0.00060000",
		"qty": "46666.66000000",
		"quoteQty": "27.99999600",
		"time": 1662710401165,
		"isBuyerMaker": false,
		"isBestMatch": true
	},
	{
		"id": 126,
		"price": "0.00060000",
		"qty": "27699.39000000",
		"quoteQty": "16.61963400",
		"time": 1662710401181,
		"isBuyerMaker": false,
		"isBestMatch": true
	},
	{
		"id": 127,
		"price": "0.00060000",
		"qty": "16750.00000000",
		"quoteQty": "10.05000000",
		"time": 1662710401183,
		"isBuyerMaker": false,
		"isBestMatch": true
	},
	{
		"id": 128,
		"price": "0.00050009",
		"qty": "78252.13000000",
		"quoteQty": "39.13310769",
		"time": 1662710401214,
		"isBuyerMaker": true,
		"isBestMatch": true
	},
	{
		"id": 129,
		"price": "0.00060000",
		"qty": "36811.36000000",
		"quoteQty": "22.08681600",
		"time": 1662710401229,
		"isBuyerMaker": false,
		"isBestMatch": true
	},
	{
		"id": 130,
		"price": "0.00060000",
		"qty": "188801.47000000",
		"quoteQty": "113.28088200",
		"time": 1662710401237,
		"isBuyerMaker": false,
		"isBestMatch": true
	},
	{
		"id": 131,
		"price": "0.00060000",
		"qty": "101163.70000000",
		"quoteQty": "60.69822000",
		"time": 1662710401239,
		"isBuyerMaker": false,
		"isBestMatch": true
	},
	{
		"id": 132,
		"price": "0.00060000",
		"qty": "17397.10000000",
		"quoteQty": "10.43826000",
		"time": 1662710401263,
		"isBuyerMaker": false,
		"isBestMatch": true
	},
	{
		"id": 133,
		"price": "0.00060000",
		"qty": "54309.04000000",
		"quoteQty": "32.58542400",
		"time": 1662710401268,
		"isBuyerMaker": false,
		"isBestMatch": true
	},
	{
		"id": 134,
		"price": "0.00060000",
		"qty": "49398.55000000",
		"quoteQty": "29.63913000",
		"time": 1662710401300,
		"isBuyerMaker": false,
		"isBestMatch": true
	},
	{
		"id": 135,
		"price": "0.00053790",
		"qty": "1276107.69000000",
		"quoteQty": "686.41832645",
		"time": 1662710401337,
		"isBuyerMaker": false,
		"isBestMatch": true
	},
	{
		"id": 136,
		"price": "0.00053790",
		"qty": "266930.14000000",
		"quoteQty": "143.58172230",
		"time": 1662710401352,
		"isBuyerMaker": false,
		"isBestMatch": true
	},
	{
		"id": 137,
		"price": "0.00053790",
		"qty": "1301963.39000000",
		"quoteQty": "700.32610748",
		"time": 1662710401356,
		"isBuyerMaker": false,
		"isBestMatch": true
	},
	{
		"id": 138,
		"price": "0.00053790",
		"qty": "125488.00000000",
		"quoteQty": "67.49999520",
		"time": 1662710401365,
		"isBuyerMaker": false,
		"isBestMatch": true
	},
	{
		"id": 139,
		"price": "0.00053790",
		"qty": "478872.51000000",
		"quoteQty": "257.58552312",
		"time": 1662710401365,
		"isBuyerMaker": false,
		"isBestMatch": true
	},
	{
		"id": 140,
		"price": "0.00053790",
		"qty": "134027.88000000",
		"quoteQty": "72.09359665",
		"time": 1662710401385,
		"isBuyerMaker": false,
		"isBestMatch": true
	},
	{
		"id": 141,
		"price": "0.00053790",
		"qty": "37181.63000000",
		"quoteQty": "19.99999877",
		"time": 1662710401386,
		"isBuyerMaker": false,
		"isBestMatch": true
	},
	{
		"id": 142,
		"price": "0.00053790",
		"qty": "218832.49000000",
		"quoteQty": "117.70999637",
		"time": 1662710401409,
		"isBuyerMaker": false,
		"isBestMatch": true
	},
	{
		"id": 143,
		"price": "0.00053790",
		"qty": "21348.74000000",
		"quoteQty": "11.48348724",
		"time": 1662710401436,
		"isBuyerMaker": false,
		"isBestMatch": true
	},
	{
		"id": 144,
		"price": "0.00053790",
		"qty": "99584.88000000",
		"quoteQty": "53.56670695",
		"time": 1662710401445,
		"isBuyerMaker": false,
		"isBestMatch": true
	},
	{
		"id": 145,
		"price": "0.00060000",
		"qty": "230722.15000000",
		"quoteQty": "138.43329000",
		"time": 1662710401445,
		"isBuyerMaker": false,
		"isBestMatch": true
	},
	{
		"id": 146,
		"price": "0.00060000",
		"qty": "685081.64000000",
		"quoteQty": "411.04898400",
		"time": 1662710401449,
		"isBuyerMaker": false,
		"isBestMatch": true
	},
	{
		"id": 147,
		"price": "0.00060000",
		"qty": "2903500.90000000",
		"quoteQty": "1742.10054000",
		"time": 1662710401470,
		"isBuyerMaker": false,
		"isBestMatch": true
	},
	{
		"id": 148,
		"price": "0.00060000",
		"qty": "5999000.00000000",
		"quoteQty": "3599.40000000",
		"time": 1662710401470,
		"isBuyerMaker": false,
		"isBestMatch": true
	},
	{
		"id": 149,
		"price": "0.00060000",
		"qty": "837541.43000000",
		"quoteQty": "502.52485800",
		"time": 1662710401470,
		"isBuyerMaker": false,
		"isBestMatch": true
	},
	{
		"id": 150,
		"price": "0.00062000",
		"qty": "1852252.10000000",
		"quoteQty": "1148.39630200",
		"time": 1662710401470,
		"isBuyerMaker": false,
		"isBestMatch": true
	},
	{
		"id": 151,
		"price": "0.00062000",
		"qty": "44225.80000000",
		"quoteQty": "27.41999600",
		"time": 1662710401473,
		"isBuyerMaker": false,
		"isBestMatch": true
	},
	{
		"id": 152,
		"price": "0.00062000",
		"qty": "80645.16000000",
		"quoteQty": "49.99999920",
		"time": 1662710401479,
		"isBuyerMaker": false,
		"isBestMatch": true
	},
	{
		"id": 153,
		"price": "0.00062000",
		"qty": "160942.12000000",
		"quoteQty": "99.78411440",
		"time": 1662710401486,
		"isBuyerMaker": false,
		"isBestMatch": true
	},
	{
		"id": 154,
		"price": "0.00062000",
		"qty": "32197.72000000",
		"quoteQty": "19.96258640",
		"time": 1662710401487,
		"isBuyerMaker": false,
		"isBestMatch": true
	},
	{
		"id": 155,
		"price": "0.00062000",
		"qty": "102068.72000000",
		"quoteQty": "63.28260640",
		"time": 1662710401501,
		"isBuyerMaker": false,
		"isBestMatch": true
	},
	{
		"id": 156,
		"price": "0.00062000",
		"qty": "257494.24000000",
		"quoteQty": "159.64642880",
		"time": 1662710401502,
		"isBuyerMaker": false,
		"isBestMatch": true
	},
	{
		"id": 157,
		"price": "0.00062000",
		"qty": "417541.93000000",
		"quoteQty": "258.87599660",
		"time": 1662710401510,
		"isBuyerMaker": false,
		"isBestMatch": true
	},
	{
		"id": 158,
		"price": "0.00062000",
		"qty": "55998.06000000",
		"quoteQty": "34.71879720",
		"time": 1662710401513,
		"isBuyerMaker": false,
		"isBestMatch": true
	},
	{
		"id": 159,
		"price": "0.00062000",
		"qty": "781657.26000000",
		"quoteQty": "484.62750120",
		"time": 1662710401531,
		"isBuyerMaker": false,
		"isBestMatch": true
	},
	{
		"id": 160,
		"price": "0.00062000",
		"qty": "17741.93000000",
		"quoteQty": "10.99999660",
		"time": 1662710401559,
		"isBuyerMaker": false,
		"isBestMatch": true
	},
	{
		"id": 161,
		"price": "0.00062000",
		"qty": "25486.29000000",
		"quoteQty": "15.80149980",
		"time": 1662710401572,
		"isBuyerMaker": false,
		"isBestMatch": true
	},
	{
		"id": 162,
		"price": "0.00062000",
		"qty": "17982.62000000",
		"quoteQty": "11.14922440",
		"time": 1662710401592,
		"isBuyerMaker": false,
		"isBestMatch": true
	},
	{
		"id": 163,
		"price": "0.00062000",
		"qty": "2361643.63000000",
		"quoteQty": "1464.21905060",
		"time": 1662710401617,
		"isBuyerMaker": false,
		"isBestMatch": true
	},
	{
		"id": 164,
		"price": "0.00064800",
		"qty": "4568127.94000000",
		"quoteQty": "2960.14690512",
		"time": 1662710401617,
		"isBuyerMaker": false,
		"isBestMatch": true
	},
	{
		"id": 165,
		"price": "0.00064800",
		"qty": "73634.53000000",
		"quoteQty": "47.71517544",
		"time": 1662710401619,
		"isBuyerMaker": false,
		"isBestMatch": true
	},
	{
		"id": 166,
		"price": "0.00064800",
		"qty": "18490.12000000",
		"quoteQty": "11.98159776",
		"time": 1662710401665,
		"isBuyerMaker": false,
		"isBestMatch": true
	},
	{
		"id": 167,
		"price": "0.00064800",
		"qty": "16975.30000000",
		"quoteQty": "10.99999440",
		"time": 1662710401666,
		"isBuyerMaker": false,
		"isBestMatch": true
	},
	{
		"id": 168,
		"price": "0.00064800",
		"qty": "240558.48000000",
		"quoteQty": "155.88189504",
		"time": 1662710401672,
		"isBuyerMaker": false,
		"isBestMatch": true
	},
	{
		"id": 169,
		"price": "0.00064800",
		"qty": "969377.68000000",
		"quoteQty": "628.15673664",
		"time": 1662710401681,
		"isBuyerMaker": false,
		"isBestMatch": true
	},
	{
		"id": 170,
		"price": "0.00064800",
		"qty": "196514.57000000",
		"quoteQty": "127.34144136",
		"time": 1662710401684,
		"isBuyerMaker": false,
		"isBestMatch": true
	},
	{
		"id": 171,
		"price": "0.00064800",
		"qty": "101191.64000000",
		"quoteQty": "65.57218272",
		"time": 1662710401774,
		"isBuyerMaker": false,
		"isBestMatch": true
	},
	{
		"id": 172,
		"price": "0.00064800",
		"qty": "27773.02000000",
		"quoteQty": "17.99691696",
		"time": 1662710401780,
		"isBuyerMaker": false,
		"isBestMatch": true
	},
	{
		"id": 173,
		"price": "0.00064800",
		"qty": "154320.98000000",
		"quoteQty": "99.99999504",
		"time": 1662710401794,
		"isBuyerMaker": false,
		"isBestMatch": true
	},
	{
		"id": 174,
		"price": "0.00064800",
		"qty": "199951.60000000",
		"quoteQty": "129.56863680",
		"time": 1662710401800,
		"isBuyerMaker": false,
		"isBestMatch": true
	},
	{
		"id": 175,
		"price": "0.00064800",
		"qty": "154329.14000000",
		"quoteQty": "100.00528272",
		"time": 1662710401807,
		"isBuyerMaker": false,
		"isBestMatch": true
	},
	{
		"id": 176,
		"price": "0.00064800",
		"qty": "186018.51000000",
		"quoteQty": "120.53999448",
		"time": 1662710401808,
		"isBuyerMaker": false,
		"isBestMatch": true
	},
	{
		"id": 177,
		"price": "0.00061991",
		"qty": "30864.19000000",
		"quoteQty": "19.13302002",
		"time": 1662710401834,
		"isBuyerMaker": true,
		"isBestMatch": true
	},
	{
		"id": 178,
		"price": "0.00061990",
		"qty": "483455.37000000",
		"quoteQty": "299.69398386",
		"time": 1662710401834,
		"isBuyerMaker": true,
		"isBestMatch": true
	},
	{
		"id": 179,
		"price": "0.00061990",
		"qty": "230738.59000000",
		"quoteQty": "143.03485194",
		"time": 1662710401834,
		"isBuyerMaker": true,
		"isBestMatch": true
	},
	{
		"id": 180,
		"price": "0.00056290",
		"qty": "435565.11000000",
		"quoteQty": "245.17960041",
		"time": 1662710401841,
		"isBuyerMaker": false,
		"isBestMatch": true
	},
	{
		"id": 181,
		"price": "0.00056290",
		"qty": "93426.89000000",
		"quoteQty": "52.58999638",
		"time": 1662710401858,
		"isBuyerMaker": false,
		"isBestMatch": true
	},
	{
		"id": 182,
		"price": "0.00056289",
		"qty": "30864.19000000",
		"quoteQty": "17.37314390",
		"time": 1662710401867,
		"isBuyerMaker": false,
		"isBestMatch": true
	},
	{
		"id": 183,
		"price": "0.00056290",
		"qty": "112830.05000000",
		"quoteQty": "63.51203514",
		"time": 1662710401867,
		"isBuyerMaker": false,
		"isBestMatch": true
	},
	{
		"id": 184,
		"price": "0.00056290",
		"qty": "17765.14000000",
		"quoteQty": "9.99999730",
		"time": 1662710401874,
		"isBuyerMaker": false,
		"isBestMatch": true
	},
	{
		"id": 185,
		"price": "0.00055001",
		"qty": "25960.40000000",
		"quoteQty": "14.27847960",
		"time": 1662710401875,
		"isBuyerMaker": true,
		"isBestMatch": true
	},
	{
		"id": 186,
		"price": "0.00056290",
		"qty": "65514.31000000",
		"quoteQty": "36.87800509",
		"time": 1662710401882,
		"isBuyerMaker": false,
		"isBestMatch": true
	},
	{
		"id": 187,
		"price": "0.00055001",
		"qty": "9569.88000000",
		"quoteQty": "5.26352969",
		"time": 1662710401914,
		"isBuyerMaker": true,
		"isBestMatch": true
	},
	{
		"id": 188,
		"price": "0.00055001",
		"qty": "39800.98000000",
		"quoteQty": "21.89093700",
		"time": 1662710401914,
		"isBuyerMaker": true,
		"isBestMatch": true
	},
	{
		"id": 189,
		"price": "0.00056289",
		"qty": "25960.40000000",
		"quoteQty": "14.61284955",
		"time": 1662710401918,
		"isBuyerMaker": false,
		"isBestMatch": true
	},
	{
		"id": 190,
		"price": "0.00056290",
		"qty": "149098.33000000",
		"quoteQty": "83.92744995",
		"time": 1662710401918,
		"isBuyerMaker": false,
		"isBestMatch": true
	},
	{
		"id": 191,
		"price": "0.00056288",
		"qty": "19803.65000000",
		"quoteQty": "11.14707851",
		"time": 1662710401949,
		"isBuyerMaker": false,
		"isBestMatch": true
	},
	{
		"id": 192,
		"price": "0.00055003",
		"qty": "51202.86000000",
		"quoteQty": "28.16310908",
		"time": 1662710401960,
		"isBuyerMaker": true,
		"isBestMatch": true
	},
	{
		"id": 193,
		"price": "0.00056288",
		"qty": "64759.91000000",
		"quoteQty": "36.45205814",
		"time": 1662710401970,
		"isBuyerMaker": false,
		"isBestMatch": true
	},
	{
		"id": 194,
		"price": "0.00055004",
		"qty": "35531.55000000",
		"quoteQty": "19.54377376",
		"time": 1662710402007,
		"isBuyerMaker": true,
		"isBestMatch": true
	},
	{
		"id": 195,
		"price": "0.00055003",
		"qty": "179304.69000000",
		"quoteQty": "98.62295864",
		"time": 1662710402007,
		"isBuyerMaker": true,
		"isBestMatch": true
	},
	{
		"id": 196,
		"price": "0.00056288",
		"qty": "350565.98000000",
		"quoteQty": "197.32657882",
		"time": 1662710402008,
		"isBuyerMaker": false,
		"isBestMatch": true
	},
	{
		"id": 197,
		"price": "0.00056288",
		"qty": "47399.90000000",
		"quoteQty": "26.68045571",
		"time": 1662710402008,
		"isBuyerMaker": false,
		"isBestMatch": true
	},
	{
		"id": 198,
		"price": "0.00056288",
		"qty": "96150.64000000",
		"quoteQty": "54.12127224",
		"time": 1662710402034,
		"isBuyerMaker": false,
		"isBestMatch": true
	},
	{
		"id": 199,
		"price": "0.00056290",
		"qty": "83974.01000000",
		"quoteQty": "47.26897022",
		"time": 1662710402034,
		"isBuyerMaker": false,
		"isBestMatch": true
	},
	{
		"id": 200,
		"price": "0.00056290",
		"qty": "974374.25000000",
		"quoteQty": "548.47526532",
		"time": 1662710402051,
		"isBuyerMaker": false,
		"isBestMatch": true
	},
	{
		"id": 201,
		"price": "0.00056289",
		"qty": "45101.43000000",
		"quoteQty": "25.38714393",
		"time": 1662710402072,
		"isBuyerMaker": false,
		"isBestMatch": true
	},
	{
		"id": 202,
		"price": "0.00056290",
		"qty": "185057.68000000",
		"quoteQty": "104.16896807",
		"time": 1662710402072,
		"isBuyerMaker": false,
		"isBestMatch": true
	},
	{
		"id": 203,
		"price": "0.00056290",
		"qty": "195383.16000000",
		"quoteQty": "109.98118076",
		"time": 1662710402074,
		"isBuyerMaker": false,
		"isBestMatch": true
	},
	{
		"id": 204,
		"price": "0.00056290",
		"qty": "200945.71000000",
		"quoteQty": "113.11234015",
		"time": 1662710402082,
		"isBuyerMaker": false,
		"isBestMatch": true
	},
	{
		"id": 205,
		"price": "0.00056290",
		"qty": "181361.99000000",
		"quoteQty": "102.08866417",
		"time": 1662710402084,
		"isBuyerMaker": false,
		"isBestMatch": true
	},
	{
		"id": 206,
		"price": "0.00064800",
		"qty": "77149.97000000",
		"quoteQty": "49.99318056",
		"time": 1662710402114,
		"isBuyerMaker": false,
		"isBestMatch": true
	},
	{
		"id": 207,
		"price": "0.00064800",
		"qty": "31027.09000000",
		"quoteQty": "20.10555432",
		"time": 1662710402124,
		"isBuyerMaker": false,
		"isBestMatch": true
	},
	{
		"id": 208,
		"price": "0.00064800",
		"qty": "366987.29000000",
		"quoteQty": "237.80776392",
		"time": 1662710402132,
		"isBuyerMaker": false,
		"isBestMatch": true
	},
	{
		"id": 209,
		"price": "0.00064700",
		"qty": "41855.66000000",
		"quoteQty": "27.08061202",
		"time": 1662710402150,
		"isBuyerMaker": false,
		"isBestMatch": true
	},
	{
		"id": 210,
		"price": "0.00064800",
		"qty": "303221.84000000",
		"quoteQty": "196.48775232",
		"time": 1662710402150,
		"isBuyerMaker": false,
		"isBestMatch": true
	},
	{
		"id": 211,
		"price": "0.00064800",
		"qty": "89309.98000000",
		"quoteQty": "57.87286704",
		"time": 1662710402162,
		"isBuyerMaker": false,
		"isBestMatch": true
	},
	{
		"id": 212,
		"price": "0.00056289",
		"qty": "22836.30000000",
		"quoteQty": "12.85432490",
		"time": 1662710402183,
		"isBuyerMaker": false,
		"isBestMatch": true
	},
	{
		"id": 213,
		"price": "0.00055004",
		"qty": "35531.55000000",
		"quoteQty": "19.54377376",
		"time": 1662710402205,
		"isBuyerMaker": true,
		"isBestMatch": true
	},
	{
		"id": 214,
		"price": "0.00055004",
		"qty": "89652.67000000",
		"quoteQty": "49.31255460",
		"time": 1662710402205,
		"isBuyerMaker": true,
		"isBestMatch": true
	},
	{
		"id": 215,
		"price": "0.00056289",
		"qty": "207440.74000000",
		"quoteQty": "116.76631813",
		"time": 1662710402226,
		"isBuyerMaker": false,
		"isBestMatch": true
	},
	{
		"id": 216,
		"price": "0.00064800",
		"qty": "130554.75000000",
		"quoteQty": "84.59947800",
		"time": 1662710402226,
		"isBuyerMaker": false,
		"isBestMatch": true
	},
	{
		"id": 217,
		"price": "0.00064800",
		"qty": "146902.69000000",
		"quoteQty": "95.19294312",
		"time": 1662710402226,
		"isBuyerMaker": false,
		"isBestMatch": true
	},
	{
		"id": 218,
		"price": "0.00064800",
		"qty": "77160.49000000",
		"quoteQty": "49.99999752",
		"time": 1662710402234,
		"isBuyerMaker": false,
		"isBestMatch": true
	},
	{
		"id": 219,
		"price": "0.00055004",
		"qty": "170010.23000000",
		"quoteQty": "93.51242690",
		"time": 1662710402244,
		"isBuyerMaker": true,
		"isBestMatch": true
	},
	{
		"id": 220,
		"price": "0.00064800",
		"qty": "1831873.86000000",
		"quoteQty": "1187.05426128",
		"time": 1662710402258,
		"isBuyerMaker": false,
		"isBestMatch": true
	},
	{
		"id": 221,
		"price": "0.00064799",
		"qty": "35531.55000000",
		"quoteQty": "23.02408908",
		"time": 1662710402291,
		"isBuyerMaker": false,
		"isBestMatch": true
	},
	{
		"id": 222,
		"price": "0.00064800",
		"qty": "33673.53000000",
		"quoteQty": "21.82044744",
		"time": 1662710402291,
		"isBuyerMaker": false,
		"isBestMatch": true
	},
	{
		"id": 223,
		"price": "0.00064800",
		"qty": "81145.09000000",
		"quoteQty": "52.58201832",
		"time": 1662710402306,
		"isBuyerMaker": false,
		"isBestMatch": true
	},
	{
		"id": 224,
		"price": "0.00056962",
		"qty": "30864.19000000",
		"quoteQty": "17.58085990",
		"time": 1662710402338,
		"isBuyerMaker": true,
		"isBestMatch": true
	},
	{
		"id": 225,
		"price": "0.00056961",
		"qty": "332803.10000000",
		"quoteQty": "189.56797379",
		"time": 1662710402338,
		"isBuyerMaker": true,
		"isBestMatch": true
	},
	{
		"id": 226,
		"price": "0.00056961",
		"qty": "95304.71000000",
		"quoteQty": "54.28651586",
		"time": 1662710402339,
		"isBuyerMaker": true,
		"isBestMatch": true
	},
	{
		"id": 227,
		"price": "0.00056961",
		"qty": "309117.19000000",
		"quoteQty": "176.07624259",
		"time": 1662710402347,
		"isBuyerMaker": true,
		"isBestMatch": true
	},
	{
		"id": 228,
		"price": "0.00064800",
		"qty": "77373.03000000",
		"quoteQty": "50.13772344",
		"time": 1662710402350,
		"isBuyerMaker": false,
		"isBestMatch": true
	},
	{
		"id": 229,
		"price": "0.00064799",
		"qty": "16975.57000000",
		"quoteQty": "10.99999960",
		"time": 1662710402355,
		"isBuyerMaker": false,
		"isBestMatch": true
	},
	{
		"id": 230,
		"price": "0.00056962",
		"qty": "30864.19000000",
		"quoteQty": "17.58085990",
		"time": 1662710402362,
		"isBuyerMaker": true,
		"isBestMatch": true
	},
	{
		"id": 231,
		"price": "0.00056961",
		"qty": "116504.37000000",
		"quoteQty": "66.36205419",
		"time": 1662710402362,
		"isBuyerMaker": true,
		"isBestMatch": true
	},
	{
		"id": 232,
		"price": "0.00064799",
		"qty": "15602.09000000",
		"quoteQty": "10.10999829",
		"time": 1662710402396,
		"isBuyerMaker": false,
		"isBestMatch": true
	},
	{
		"id": 233,
		"price": "0.00064799",
		"qty": "35703.65000000",
		"quoteQty": "23.13560816",
		"time": 1662710402410,
		"isBuyerMaker": false,
		"isBestMatch": true
	},
	{
		"id": 234,
		"price": "0.00064799",
		"qty": "15432.33000000",
		"quoteQty": "9.99999551",
		"time": 1662710402419,
		"isBuyerMaker": false,
		"isBestMatch": true
	},
	{
		"id": 235,
		"price": "0.00059940",
		"qty": "115697.35000000",
		"quoteQty": "69.34899159",
		"time": 1662710402436,
		"isBuyerMaker": true,
		"isBestMatch": true
	},
	{
		"id": 236,
		"price": "0.00059941",
		"qty": "154323.36000000",
		"quoteQty": "92.50296521",
		"time": 1662710402459,
		"isBuyerMaker": true,
		"isBestMatch": true
	},
	{
		"id": 237,
		"price": "0.00059940",
		"qty": "217969.64000000",
		"quoteQty": "130.65100221",
		"time": 1662710402459,
		"isBuyerMaker": true,
		"isBestMatch": true
	},
	{
		"id": 238,
		"price": "0.00058319",
		"qty": "698711.31000000",
		"quoteQty": "407.48144887",
		"time": 1662710402459,
		"isBuyerMaker": true,
		"isBestMatch": true
	},
	{
		"id": 239,
		"price": "0.00058319",
		"qty": "330095.30000000",
		"quoteQty": "192.50827800",
		"time": 1662710402469,
		"isBuyerMaker": true,
		"isBestMatch": true
	},
	{
		"id": 240,
		"price": "0.00056963",
		"qty": "104228.83000000",
		"quoteQty": "59.37186843",
		"time": 1662710402469,
		"isBuyerMaker": true,
		"isBestMatch": true
	},
	{
		"id": 241,
		"price": "0.00056963",
		"qty": "156118.30000000",
		"quoteQty": "88.92966722",
		"time": 1662710402469,
		"isBuyerMaker": true,
		"isBestMatch": true
	},
	{
		"id": 242,
		"price": "0.00056963",
		"qty": "316884.68000000",
		"quoteQty": "180.50702026",
		"time": 1662710402469,
		"isBuyerMaker": true,
		"isBestMatch": true
	},
	{
		"id": 243,
		"price": "0.00056963",
		"qty": "3383.66000000",
		"quoteQty": "1.92743424",
		"time": 1662710402476,
		"isBuyerMaker": true,
		"isBestMatch": true
	},
	{
		"id": 244,
		"price": "0.00056676",
		"qty": "882204.59000000",
		"quoteQty": "499.99827342",
		"time": 1662710402476,
		"isBuyerMaker": true,
		"isBestMatch": true
	},
	{
		"id": 245,
		"price": "0.00055600",
		"qty": "18052.15000000",
		"quoteQty": "10.03699540",
		"time": 1662710402479,
		"isBuyerMaker": false,
		"isBestMatch": true
	},
	{
		"id": 246,
		"price": "0.00055080",
		"qty": "1270878.68000000",
		"quoteQty": "699.99997694",
		"time": 1662710402481,
		"isBuyerMaker": true,
		"isBestMatch": true
	},
	{
		"id": 247,
		"price": "0.00055000",
		"qty": "21056.05000000",
		"quoteQty": "11.58082750",
		"time": 1662710402481,
		"isBuyerMaker": true,
		"isBestMatch": true
	},
	{
		"id": 248,
		"price": "0.00054568",
		"qty": "733021.77000000",
		"quoteQty": "399.99531945",
		"time": 1662710402481,
		"isBuyerMaker": true,
		"isBestMatch": true
	},
	{
		"id": 249,
		"price": "0.00053711",
		"qty": "1858560.27000000",
		"quoteQty": "998.25130661",
		"time": 1662710402481,
		"isBuyerMaker": true,
		"isBestMatch": true
	},
	{
		"id": 250,
		"price": "0.00053543",
		"qty": "747058.36000000",
		"quoteQty": "399.99745769",
		"time": 1662710402481,
		"isBuyerMaker": true,
		"isBestMatch": true
	},
	{
		"id": 251,
		"price": "0.00053543",
		"qty": "933822.95000000",
		"quoteQty": "499.99682211",
		"time": 1662710402481,
		"isBuyerMaker": true,
		"isBestMatch": true
	},
	{
		"id": 252,
		"price": "0.00053411",
		"qty": "1626029.54000000",
		"quoteQty": "868.47863760",
		"time": 1662710402481,
		"isBuyerMaker": true,
		"isBestMatch": true
	},
	{
		"id": 253,
		"price": "0.00053353",
		"qty": "2509516.62000000",
		"quoteQty": "1338.90240226",
		"time": 1662710402481,
		"isBuyerMaker": true,
		"isBestMatch": true
	},
	{
		"id": 254,
		"price": "0.00055600",
		"qty": "45514.20000000",
		"quoteQty": "25.30589520",
		"time": 1662710402482,
		"isBuyerMaker": false,
		"isBestMatch": true
	},
	{
		"id": 255,
		"price": "0.00053353",
		"qty": "491968.20000000",
		"quoteQty": "262.47979374",
		"time": 1662710402502,
		"isBuyerMaker": true,
		"isBestMatch": true
	},
	{
		"id": 256,
		"price": "0.00053353",
		"qty": "355891.89000000",
		"quoteQty": "189.87900007",
		"time": 1662710402504,
		"isBuyerMaker": true,
		"isBestMatch": true
	},
	{
		"id": 257,
		"price": "0.00055599",
		"qty": "185187.55000000",
		"quoteQty": "102.96242592",
		"time": 1662710402528,
		"isBuyerMaker": false,
		"isBestMatch": true
	},
	{
		"id": 258,
		"price": "0.00055600",
		"qty": "719594.13000000",
		"quoteQty": "400.09433628",
		"time": 1662710402528,
		"isBuyerMaker": false,
		"isBestMatch": true
	},
	{
		"id": 259,
		"price": "0.00053354",
		"qty": "179856.11000000",
		"quoteQty": "95.96042892",
		"time": 1662710402533,
		"isBuyerMaker": true,
		"isBestMatch": true
	},
	{
		"id": 260,
		"price": "0.00053353",
		"qty": "75419.94000000",
		"quoteQty": "40.23880058",
		"time": 1662710402533,
		"isBuyerMaker": true,
		"isBestMatch": true
	},
	{
		"id": 261,
		"price": "0.00053073",
		"qty": "81349.68000000",
		"quoteQty": "43.17471566",
		"time": 1662710402533,
		"isBuyerMaker": true,
		"isBestMatch": true
	},
	{
		"id": 262,
		"price": "0.00053073",
		"qty": "81349.68000000",
		"quoteQty": "43.17471566",
		"time": 1662710402533,
		"isBuyerMaker": true,
		"isBestMatch": true
	},
	{
		"id": 263,
		"price": "0.00053073",
		"qty": "720.93000000",
		"quoteQty": "0.38261917",
		"time": 1662710402533,
		"isBuyerMaker": true,
		"isBestMatch": true
	},
	{
		"id": 264,
		"price": "0.00055599",
		"qty": "104124.60000000",
		"quoteQty": "57.89223635",
		"time": 1662710402540,
		"isBuyerMaker": false,
		"isBestMatch": true
	},
	{
		"id": 265,
		"price": "0.00055599",
		"qty": "215750.24000000",
		"quoteQty": "119.95497593",
		"time": 1662710402540,
		"isBuyerMaker": false,
		"isBestMatch": true
	},
	{
		"id": 266,
		"price": "0.00055600",
		"qty": "226076.03000000",
		"quoteQty": "125.69827268",
		"time": 1662710402540,
		"isBuyerMaker": false,
		"isBestMatch": true
	},
	{
		"id": 267,
		"price": "0.00053355",
		"qty": "179108.64000000",
		"quoteQty": "95.56341487",
		"time": 1662710402559,
		"isBuyerMaker": true,
		"isBestMatch": true
	},
	{
		"id": 268,
		"price": "0.00054785",
		"qty": "54759.51000000",
		"quoteQty": "29.99999755",
		"time": 1662710402568,
		"isBuyerMaker": false,
		"isBestMatch": true
	},
	{
		"id": 269,
		"price": "0.00054785",
		"qty": "131096.52000000",
		"quoteQty": "71.82122848",
		"time": 1662710402586,
		"isBuyerMaker": false,
		"isBestMatch": true
	},
	{
		"id": 270,
		"price": "0.00054785",
		"qty": "49415.82000000",
		"quoteQty": "27.07245698",
		"time": 1662710402586,
		"isBuyerMaker": false,
		"isBestMatch": true
	},
	{
		"id": 271,
		"price": "0.00054252",
		"qty": "46000.66000000",
		"quoteQty": "24.95627806",
		"time": 1662710402601,
		"isBuyerMaker": true,
		"isBestMatch": true
	},
	{
		"id": 272,
		"price": "0.00053356",
		"qty": "54962.41000000",
		"quoteQty": "29.32574347",
		"time": 1662710402618,
		"isBuyerMaker": true,
		"isBestMatch": true
	},
	{
		"id": 273,
		"price": "0.00053886",
		"qty": "50095.75000000",
		"quoteQty": "26.99459584",
		"time": 1662710402635,
		"isBuyerMaker": false,
		"isBestMatch": true
	},
	{
		"id": 274,
		"price": "0.00053886",
		"qty": "93085.40000000",
		"quoteQty": "50.15999864",
		"time": 1662710402643,
		"isBuyerMaker": false,
		"isBestMatch": true
	},
	{
		"id": 275,
		"price": "0.00053356",
		"qty": "269155.52000000",
		"quoteQty": "143.61061925",
		"time": 1662710402646,
		"isBuyerMaker": true,
		"isBestMatch": true
	},
	{
		"id": 276,
		"price": "0.00053886",
		"qty": "35927.49000000",
		"quoteQty": "19.35988726",
		"time": 1662710402649,
		"isBuyerMaker": false,
		"isBestMatch": true
	},
	{
		"id": 277,
		"price": "0.00053887",
		"qty": "343279.67000000",
		"quoteQty": "184.98311577",
		"time": 1662710402649,
		"isBuyerMaker": false,
		"isBestMatch": true
	},
	{
		"id": 278,
		"price": "0.00053887",
		"qty": "343279.67000000",
		"quoteQty": "184.98311577",
		"time": 1662710402649,
		"isBuyerMaker": false,
		"isBestMatch": true
	},
	{
		"id": 279,
		"price": "0.00053887",
		"qty": "343279.67000000",
		"quoteQty": "184.98311577",
		"time": 1662710402649,
		"isBuyerMaker": false,
		"isBestMatch": true
	},
	{
		"id": 280,
		"price": "0.00053887",
		"qty": "137866.40000000",
		"quoteQty": "74.29206696",
		"time": 1662710402649,
		"isBuyerMaker": false,
		"isBestMatch": true
	},
	{
		"id": 281,
		"price": "0.00053356",
		"qty": "165956.86000000",
		"quoteQty": "88.54794222",
		"time": 1662710402657,
		"isBuyerMaker": true,
		"isBestMatch": true
	},
	{
		"id": 282,
		"price": "0.00053887",
		"qty": "205413.27000000",
		"quoteQty": "110.69104880",
		"time": 1662710402661,
		"isBuyerMaker": false,
		"isBestMatch": true
	},
	{
		"id": 283,
		"price": "0.00053887",
		"qty": "267467.27000000",
		"quoteQty": "144.13008778",
		"time": 1662710402661,
		"isBuyerMaker": false,
		"isBestMatch": true
	},
	{
		"id": 284,
		"price": "0.00053357",
		"qty": "70492.08000000",
		"quoteQty": "37.61245912",
		"time": 1662710402679,
		"isBuyerMaker": true,
		"isBestMatch": true
	},
	{
		"id": 285,
		"price": "0.00053357",
		"qty": "76760.92000000",
		"quoteQty": "40.95732408",
		"time": 1662710402684,
		"isBuyerMaker": true,
		"isBestMatch": true
	},
	{
		"id": 286,
		"price": "0.00053885",
		"qty": "70010.77000000",
		"quoteQty": "37.72530341",
		"time": 1662710402693,
		"isBuyerMaker": false,
		"isBestMatch": true
	},
	{
		"id": 287,
		"price": "0.00053885",
		"qty": "109845.34000000",
		"quoteQty": "59.19016145",
		"time": 1662710402698,
		"isBuyerMaker": false,
		"isBestMatch": true
	},
	{
		"id": 288,
		"price": "0.00053887",
		"qty": "75812.40000000",
		"quoteQty": "40.85302798",
		"time": 1662710402698,
		"isBuyerMaker": false,
		"isBestMatch": true
	},
	{
		"id": 289,
		"price": "0.00053887",
		"qty": "123242.55000000",
		"quoteQty": "66.41171291",
		"time": 1662710402698,
		"isBuyerMaker": false,
		"isBestMatch": true
	},
	{
		"id": 290,
		"price": "0.00053357",
		"qty": "38323.95000000",
		"quoteQty": "20.44851000",
		"time": 1662710402704,
		"isBuyerMaker": true,
		"isBestMatch": true
	},
	{
		"id": 291,
		"price": "0.00053357",
		"qty": "156919.42000000",
		"quoteQty": "83.72749492",
		"time": 1662710402704,
		"isBuyerMaker": true,
		"isBestMatch": true
	},
	{
		"id": 292,
		"price": "0.00053887",
		"qty": "55662.53000000",
		"quoteQty": "29.99486754",
		"time": 1662710402705,
		"isBuyerMaker": false,
		"isBestMatch": true
	},
	{
		"id": 293,
		"price": "0.00053887",
		"qty": "25975.09000000",
		"quoteQty": "13.99719674",
		"time": 1662710402712,
		"isBuyerMaker": false,
		"isBestMatch": true
	},
	{
		"id": 294,
		"price": "0.00053887",
		"qty": "38395.16000000",
		"quoteQty": "20.68999986",
		"time": 1662710402726,
		"isBuyerMaker": false,
		"isBestMatch": true
	},
	{
		"id": 295,
		"price": "0.00053357",
		"qty": "288246.12000000",
		"quoteQty": "153.79948224",
		"time": 1662710402739,
		"isBuyerMaker": true,
		"isBestMatch": true
	},
	{
		"id": 296,
		"price": "0.00053356",
		"qty": "790019.44000000",
		"quoteQty": "421.52277240",
		"time": 1662710402739,
		"isBuyerMaker": true,
		"isBestMatch": true
	},
	{
		"id": 297,
		"price": "0.00053886",
		"qty": "19671.15000000",
		"quoteQty": "10.59999588",
		"time": 1662710402740,
		"isBuyerMaker": false,
		"isBestMatch": true
	},
	{
		"id": 298,
		"price": "0.00053886",
		"qty": "119278.16000000",
		"quoteQty": "64.27422929",
		"time": 1662710402750,
		"isBuyerMaker": false,
		"isBestMatch": true
	},
	{
		"id": 299,
		"price": "0.00053790",
		"qty": "178990.82000000",
		"quoteQty": "96.27916207",
		"time": 1662710402816,
		"isBuyerMaker": true,
		"isBestMatch": true
	},
	{
		"id": 300,
		"price": "0.00053357",
		"qty": "185576.95000000",
		"quoteQty": "99.01829321",
		"time": 1662710402816,
		"isBuyerMaker": true,
		"isBestMatch": true
	},
	{
		"id": 301,
		"price": "0.00053356",
		"qty": "89024.75000000",
		"quoteQty": "47.50004561",
		"time": 1662710402816,
		"isBuyerMaker": true,
		"isBestMatch": true
	},
	{
		"id": 302,
		"price": "0.00053885",
		"qty": "445165.54000000",
		"quoteQty": "239.87745122",
		"time": 1662710402819,
		"isBuyerMaker": false,
		"isBestMatch": true
	},
	{
		"id": 303,
		"price": "0.00053886",
		"qty": "94130.29000000",
		"quoteQty": "50.72304806",
		"time": 1662710402819,
		"isBuyerMaker": false,
		"isBestMatch": true
	},
	{
		"id": 304,
		"price": "0.00053887",
		"qty": "61860.37000000",
		"quoteQty": "33.33469758",
		"time": 1662710402819,
		"isBuyerMaker": false,
		"isBestMatch": true
	},
	{
		"id": 305,
		"price": "0.00053356",
		"qty": "2217599.12000000",
		"quoteQty": "1183.22218646",
		"time": 1662710402824,
		"isBuyerMaker": true,
		"isBestMatch": true
	},
	{
		"id": 306,
		"price": "0.00053887",
		"qty": "38143.97000000",
		"quoteQty": "20.55464111",
		"time": 1662710402832,
		"isBuyerMaker": false,
		"isBestMatch": true
	},
	{
		"id": 307,
		"price": "0.00053887",
		"qty": "343279.67000000",
		"quoteQty": "184.98311577",
		"time": 1662710402832,
		"isBuyerMaker": false,
		"isBestMatch": true
	},
	{
		"id": 308,
		"price": "0.00053887",
		"qty": "343279.67000000",
		"quoteQty": "184.98311577",
		"time": 1662710402832,
		"isBuyerMaker": false,
		"isBestMatch": true
	},
	{
		"id": 309,
		"price": "0.00053887",
		"qty": "343279.67000000",
		"quoteQty": "184.98311577",
		"time": 1662710402832,
		"isBuyerMaker": false,
		"isBestMatch": true
	},
	{
		"id": 310,
		"price": "0.00053887",
		"qty": "297278.96000000",
		"quoteQty": "160.19471317",
		"time": 1662710402832,
		"isBuyerMaker": false,
		"isBestMatch": true
	},
	{
		"id": 311,
		"price": "0.00054783",
		"qty": "319948.07000000",
		"quoteQty": "175.27715118",
		"time": 1662710402832,
		"isBuyerMaker": false,
		"isBestMatch": true
	},
	{
		"id": 312,
		"price": "0.00054784",
		"qty": "140596.06000000",
		"quoteQty": "77.02414551",
		"time": 1662710402832,
		"isBuyerMaker": false,
		"isBestMatch": true
	},
	{
		"id": 313,
		"price": "0.00053356",
		"qty": "1183647.09000000",
		"quoteQty": "631.54674134",
		"time": 1662710402832,
		"isBuyerMaker": true,
		"isBestMatch": true
	},
	{
		"id": 314,
		"price": "0.00054784",
		"qty": "274089.37000000",
		"quoteQty": "150.15712046",
		"time": 1662710402834,
		"isBuyerMaker": false,
		"isBestMatch": true
	},
	{
		"id": 315,
		"price": "0.00054784",
		"qty": "20426.57000000",
		"quoteQty": "11.19049210",
		"time": 1662710402836,
		"isBuyerMaker": false,
		"isBestMatch": true
	},
	{
		"id": 316,
		"price": "0.00054785",
		"qty": "136440.21000000",
		"quoteQty": "74.74876904",
		"time": 1662710402836,
		"isBuyerMaker": false,
		"isBestMatch": true
	},
	{
		"id": 317,
		"price": "0.00054785",
		"qty": "98431.34000000",
		"quoteQty": "53.92560961",
		"time": 1662710402836,
		"isBuyerMaker": false,
		"isBestMatch": true
	},
	{
		"id": 318,
		"price": "0.00053357",
		"qty": "436593.34000000",
		"quoteQty": "232.95310842",
		"time": 1662710402840,
		"isBuyerMaker": true,
		"isBestMatch": true
	},
	{
		"id": 319,
		"price": "0.00053356",
		"qty": "494868.61000000",
		"quoteQty": "264.04209555",
		"time": 1662710402840,
		"isBuyerMaker": true,
		"isBestMatch": true
	},
	{
		"id": 320,
		"price": "0.00054000",
		"qty": "3419935.04000000",
		"quoteQty": "1846.76492160",
		"time": 1662710402871,
		"isBuyerMaker": true,
		"isBestMatch": true
	},
	{
		"id": 321,
		"price": "0.00053358",
		"qty": "451745.59000000",
		"quoteQty": "241.04241191",
		"time": 1662710402871,
		"isBuyerMaker": true,
		"isBestMatch": true
	},
	{
		"id": 322,
		"price": "0.00053357",
		"qty": "11129538.00000000",
		"quoteQty": "5938.38759066",
		"time": 1662710402871,
		"isBuyerMaker": true,
		"isBestMatch": true
	},
	{
		"id": 323,
		"price": "0.00053357",
		"qty": "182535.04000000",
		"quoteQty": "97.39522129",
		"time": 1662710402871,
		"isBuyerMaker": true,
		"isBestMatch": true
	},
	{
		"id": 324,
		"price": "0.00053357",
		"qty": "562250.50000000",
		"quoteQty": "299.99999928",
		"time": 1662710402871,
		"isBuyerMaker": true,
		"isBestMatch": true
	},
	{
		"id": 325,
		"price": "0.00053356",
		"qty": "3229296.96000000",
		"quoteQty": "1723.02368597",
		"time": 1662710402871,
		"isBuyerMaker": true,
		"isBestMatch": true
	},
	{
		"id": 326,
		"price": "0.00053356",
		"qty": "1072359.71000000",
		"quoteQty": "572.16824686",
		"time": 1662710402879,
		"isBuyerMaker": true,
		"isBestMatch": true
	},
	{
		"id": 327,
		"price": "0.00054781",
		"qty": "97647.54000000",
		"quoteQty": "53.49229888",
		"time": 1662710402883,
		"isBuyerMaker": false,
		"isBestMatch": true
	},
	{
		"id": 328,
		"price": "0.00053356",
		"qty": "576316.03000000",
		"quoteQty": "307.49918096",
		"time": 1662710402887,
		"isBuyerMaker": true,
		"isBestMatch": true
	},
	{
		"id": 329,
		"price": "0.00054781",
		"qty": "126253.36000000",
		"quoteQty": "69.16285314",
		"time": 1662710402887,
		"isBuyerMaker": false,
		"isBestMatch": true
	},
	{
		"id": 330,
		"price": "0.00054781",
		"qty": "59326.64000000",
		"quoteQty": "32.49972665",
		"time": 1662710402887,
		"isBuyerMaker": false,
		"isBestMatch": true
	},
	{
		"id": 331,
		"price": "0.00053356",
		"qty": "1303227.04000000",
		"quoteQty": "695.34981946",
		"time": 1662710402888,
		"isBuyerMaker": true,
		"isBestMatch": true
	},
	{
		"id": 332,
		"price": "0.00053356",
		"qty": "796672.16000000",
		"quoteQty": "425.07239768",
		"time": 1662710402894,
		"isBuyerMaker": true,
		"isBestMatch": true
	},
	{
		"id": 333,
		"price": "0.00053356",
		"qty": "576316.03000000",
		"quoteQty": "307.49918096",
		"time": 1662710402898,
		"isBuyerMaker": true,
		"isBestMatch": true
	},
	{
		"id": 334,
		"price": "0.00054781",
		"qty": "829012.29000000",
		"quoteQty": "454.14122258",
		"time": 1662710402911,
		"isBuyerMaker": false,
		"isBestMatch": true
	},
	{
		"id": 335,
		"price": "0.00054782",
		"qty": "155962.18000000",
		"quoteQty": "85.43920144",
		"time": 1662710402911,
		"isBuyerMaker": false,
		"isBestMatch": true
	},
	{
		"id": 336,
		"price": "0.00054785",
		"qty": "87424.69000000",
		"quoteQty": "47.89561641",
		"time": 1662710402911,
		"isBuyerMaker": false,
		"isBestMatch": true
	},
	{
		"id": 337,
		"price": "0.00054785",
		"qty": "185856.03000000",
		"quoteQty": "101.82122603",
		"time": 1662710402911,
		"isBuyerMaker": false,
		"isBestMatch": true
	},
	{
		"id": 338,
		"price": "0.00054785",
		"qty": "185856.03000000",
		"quoteQty": "101.82122603",
		"time": 1662710402911,
		"isBuyerMaker": false,
		"isBestMatch": true
	},
	{
		"id": 339,
		"price": "0.00054785",
		"qty": "185856.03000000",
		"quoteQty": "101.82122603",
		"time": 1662710402911,
		"isBuyerMaker": false,
		"isBestMatch": true
	},
	{
		"id": 340,
		"price": "0.00054785",
		"qty": "185856.03000000",
		"quoteQty": "101.82122603",
		"time": 1662710402911,
		"isBuyerMaker": false,
		"isBestMatch": true
	},
	{
		"id": 341,
		"price": "0.00054785",
		"qty": "185856.03000000",
		"quoteQty": "101.82122603",
		"time": 1662710402911,
		"isBuyerMaker": false,
		"isBestMatch": true
	},
	{
		"id": 342,
		"price": "0.00054785",
		"qty": "185856.03000000",
		"quoteQty": "101.82122603",
		"time": 1662710402911,
		"isBuyerMaker": false,
		"isBestMatch": true
	},
	{
		"id": 343,
		"price": "0.00054785",
		"qty": "185856.00000000",
		"quoteQty": "101.82120960",
		"time": 1662710402911,
		"isBuyerMaker": false,
		"isBestMatch": true
	},
	{
		"id": 344,
		"price": "0.00055253",
		"qty": "968988.12000000",
		"quoteQty": "535.39500594",
		"time": 1662710402913,
		"isBuyerMaker": true,
		"isBestMatch": true
	},
	{
		"id": 345,
		"price": "0.00055080",
		"qty": "229226.21000000",
		"quoteQty": "126.25779646",
		"time": 1662710402921,
		"isBuyerMaker": false,
		"isBestMatch": true
	},
	{
		"id": 346,
		"price": "0.00053358",
		"qty": "426937.28000000",
		"quoteQty": "227.80519386",
		"time": 1662710402927,
		"isBuyerMaker": true,
		"isBestMatch": true
	},
	{
		"id": 347,
		"price": "0.00053357",
		"qty": "182545.04000000",
		"quoteQty": "97.40055699",
		"time": 1662710402927,
		"isBuyerMaker": true,
		"isBestMatch": true
	},
	{
		"id": 348,
		"price": "0.00053356",
		"qty": "68536.54000000",
		"quoteQty": "36.56835628",
		"time": 1662710402927,
		"isBuyerMaker": true,
		"isBestMatch": true
	},
	{
		"id": 349,
		"price": "0.00053356",
		"qty": "79856.33000000",
		"quoteQty": "42.60814343",
		"time": 1662710402931,
		"isBuyerMaker": true,
		"isBestMatch": true
	},
	{
		"id": 350,
		"price": "0.00053356",
		"qty": "79856.33000000",
		"quoteQty": "42.60814343",
		"time": 1662710402938,
		"isBuyerMaker": true,
		"isBestMatch": true
	},
	{
		"id": 351,
		"price": "0.00053356",
		"qty": "278304.06000000",
		"quoteQty": "148.49191425",
		"time": 1662710402942,
		"isBuyerMaker": true,
		"isBestMatch": true
	},
	{
		"id": 352,
		"price": "0.00055080",
		"qty": "112767.30000000",
		"quoteQty": "62.11222884",
		"time": 1662710402946,
		"isBuyerMaker": false,
		"isBestMatch": true
	},
	{
		"id": 353,
		"price": "0.00055080",
		"qty": "341993.51000000",
		"quoteQty": "188.37002530",
		"time": 1662710402946,
		"isBuyerMaker": false,
		"isBestMatch": true
	},
	{
		"id": 354,
		"price": "0.00055080",
		"qty": "341993.51000000",
		"quoteQty": "188.37002530",
		"time": 1662710402946,
		"isBuyerMaker": false,
		"isBestMatch": true
	},
	{
		"id": 355,
		"price": "0.00055080",
		"qty": "341993.51000000",
		"quoteQty": "188.37002530",
		"time": 1662710402946,
		"isBuyerMaker": false,
		"isBestMatch": true
	},
	{
		"id": 356,
		"price": "0.00055080",
		"qty": "341993.51000000",
		"quoteQty": "188.37002530",
		"time": 1662710402946,
		"isBuyerMaker": false,
		"isBestMatch": true
	},
	{
		"id": 357,
		"price": "0.00055080",
		"qty": "341993.51000000",
		"quoteQty": "188.37002530",
		"time": 1662710402946,
		"isBuyerMaker": false,
		"isBestMatch": true
	},
	{
		"id": 358,
		"price": "0.00055080",
		"qty": "341993.51000000",
		"quoteQty": "188.37002530",
		"time": 1662710402946,
		"isBuyerMaker": false,
		"isBestMatch": true
	},
	{
		"id": 359,
		"price": "0.00055080",
		"qty": "56992.35000000",
		"quoteQty": "31.39138638",
		"time": 1662710402946,
		"isBuyerMaker": false,
		"isBestMatch": true
	},
	{
		"id": 360,
		"price": "0.00055684",
		"qty": "182535.04000000",
		"quoteQty": "101.64281167",
		"time": 1662710402946,
		"isBuyerMaker": false,
		"isBestMatch": true
	},
	{
		"id": 361,
		"price": "0.00055685",
		"qty": "933822.95000000",
		"quoteQty": "519.99930970",
		"time": 1662710402946,
		"isBuyerMaker": false,
		"isBestMatch": true
	},
	{
		"id": 362,
		"price": "0.00055834",
		"qty": "46000.66000000",
		"quoteQty": "25.68400850",
		"time": 1662710402946,
		"isBuyerMaker": false,
		"isBestMatch": true
	},
	{
		"id": 363,
		"price": "0.00056197",
		"qty": "180512.34000000",
		"quoteQty": "101.44251970",
		"time": 1662710402946,
		"isBuyerMaker": false,
		"isBestMatch": true
	},
	{
		"id": 364,
		"price": "0.00056220",
		"qty": "600264.86000000",
		"quoteQty": "337.46890429",
		"time": 1662710402946,
		"isBuyerMaker": false,
		"isBestMatch": true
	},
	{
		"id": 365,
		"price": "0.00055079",
		"qty": "426937.28000000",
		"quoteQty": "235.15278445",
		"time": 1662710402955,
		"isBuyerMaker": false,
		"isBestMatch": true
	},
	{
		"id": 366,
		"price": "0.00056220",
		"qty": "813319.38000000",
		"quoteQty": "457.24815543",
		"time": 1662710402955,
		"isBuyerMaker": false,
		"isBestMatch": true
	},
	{
		"id": 367,
		"price": "0.00053357",
		"qty": "181554.10000000",
		"quoteQty": "96.87182113",
		"time": 1662710402959,
		"isBuyerMaker": true,
		"isBestMatch": true
	},
	{
		"id": 368,
		"price": "0.00053356",
		"qty": "893131.54000000",
		"quoteQty": "476.53926448",
		"time": 1662710402959,
		"isBuyerMaker": true,
		"isBestMatch": true
	},
	{
		"id": 369,
		"price": "0.00056220",
		"qty": "74706.51000000",
		"quoteQty": "41.99999992",
		"time": 1662710402962,
		"isBuyerMaker": false,
		"isBestMatch": true
	},
	{
		"id": 370,
		"price": "0.00053356",
		"qty": "930662.65000000",
		"quoteQty": "496.56436353",
		"time": 1662710402976,
		"isBuyerMaker": true,
		"isBestMatch": true
	},
	{
		"id": 371,
		"price": "0.00053356",
		"qty": "111001.60000000",
		"quoteQty": "59.22601369",
		"time": 1662710402981,
		"isBuyerMaker": true,
		"isBestMatch": true
	},
	{
		"id": 372,
		"price": "0.00055468",
		"qty": "43819.42000000",
		"quoteQty": "24.30575588",
		"time": 1662710403007,
		"isBuyerMaker": false,
		"isBestMatch": true
	},
	{
		"id": 373,
		"price": "0.00055468",
		"qty": "320279.72000000",
		"quoteQty": "177.65275508",
		"time": 1662710403008,
		"isBuyerMaker": false,
		"isBestMatch": true
	},
	{
		"id": 374,
		"price": "0.00055469",
		"qty": "334237.95000000",
		"quoteQty": "185.39844848",
		"time": 1662710403008,
		"isBuyerMaker": false,
		"isBestMatch": true
	},
	{
		"id": 375,
		"price": "0.00055469",
		"qty": "334237.95000000",
		"quoteQty": "185.39844848",
		"time": 1662710403008,
		"isBuyerMaker": false,
		"isBestMatch": true
	},
	{
		"id": 376,
		"price": "0.00055469",
		"qty": "276771.37000000",
		"quoteQty": "153.52231122",
		"time": 1662710403008,
		"isBuyerMaker": false,
		"isBestMatch": true
	},
	{
		"id": 377,
		"price": "0.00055467",
		"qty": "41982.14000000",
		"quoteQty": "23.28623359",
		"time": 1662710403027,
		"isBuyerMaker": false,
		"isBestMatch": true
	},
	{
		"id": 378,
		"price": "0.00055469",
		"qty": "57466.58000000",
		"quoteQty": "31.87613726",
		"time": 1662710403027,
		"isBuyerMaker": false,
		"isBestMatch": true
	},
	{
		"id": 379,
		"price": "0.00055469",
		"qty": "271231.99000000",
		"quoteQty": "150.44967253",
		"time": 1662710403027,
		"isBuyerMaker": false,
		"isBestMatch": true
	},
	{
		"id": 380,
		"price": "0.00055469",
		"qty": "63005.96000000",
		"quoteQty": "34.94877595",
		"time": 1662710403034,
		"isBuyerMaker": false,
		"isBestMatch": true
	},
	{
		"id": 381,
		"price": "0.00055469",
		"qty": "334237.95000000",
		"quoteQty": "185.39844848",
		"time": 1662710403034,
		"isBuyerMaker": false,
		"isBestMatch": true
	},
	{
		"id": 382,
		"price": "0.00055469",
		"qty": "45746.88000000",
		"quoteQty": "25.37533686",
		"time": 1662710403034,
		"isBuyerMaker": false,
		"isBestMatch": true
	},
	{
		"id": 383,
		"price": "0.00053358",
		"qty": "111270.79000000",
		"quoteQty": "59.37186812",
		"time": 1662710403042,
		"isBuyerMaker": true,
		"isBestMatch": true
	},
	{
		"id": 384,
		"price": "0.00053358",
		"qty": "160634.50000000",
		"quoteQty": "85.71135651",
		"time": 1662710403042,
		"isBuyerMaker": true,
		"isBestMatch": true
	},
	{
		"id": 385,
		"price": "0.00053357",
		"qty": "11102.49000000",
		"quoteQty": "5.92395558",
		"time": 1662710403042,
		"isBuyerMaker": true,
		"isBestMatch": true
	},
	{
		"id": 386,
		"price": "0.00053357",
		"qty": "169178.38000000",
		"quoteQty": "90.26850821",
		"time": 1662710403043,
		"isBuyerMaker": true,
		"isBestMatch": true
	},
	{
		"id": 387,
		"price": "0.00053357",
		"qty": "71378.23000000",
		"quoteQty": "38.08528218",
		"time": 1662710403043,
		"isBuyerMaker": true,
		"isBestMatch": true
	},
	{
		"id": 388,
		"price": "0.00053357",
		"qty": "234126.35000000",
		"quoteQty": "124.92279656",
		"time": 1662710403047,
		"isBuyerMaker": true,
		"isBestMatch": true
	},
	{
		"id": 389,
		"price": "0.00053357",
		"qty": "1709393.42000000",
		"quoteQty": "912.08104710",
		"time": 1662710403064,
		"isBuyerMaker": true,
		"isBestMatch": true
	},
	{
		"id": 390,
		"price": "0.00053356",
		"qty": "976590.83000000",
		"quoteQty": "521.06980325",
		"time": 1662710403064,
		"isBuyerMaker": true,
		"isBestMatch": true
	},
	{
		"id": 391,
		"price": "0.00055468",
		"qty": "66009.55000000",
		"quoteQty": "36.61417719",
		"time": 1662710403080,
		"isBuyerMaker": false,
		"isBestMatch": true
	},
	{
		"id": 392,
		"price": "0.00055469",
		"qty": "6992.31000000",
		"quoteQty": "3.87856443",
		"time": 1662710403080,
		"isBuyerMaker": false,
		"isBestMatch": true
	},
	{
		"id": 393,
		"price": "0.00055000",
		"qty": "90909.09000000",
		"quoteQty": "49.99999950",
		"time": 1662710403083,
		"isBuyerMaker": true,
		"isBestMatch": true
	},
	{
		"id": 394,
		"price": "0.00053356",
		"qty": "12068525.39000000",
		"quoteQty": "6439.28240708",
		"time": 1662710403083,
		"isBuyerMaker": true,
		"isBestMatch": true
	},
	{
		"id": 395,
		"price": "0.00053356",
		"qty": "28988.99000000",
		"quoteQty": "15.46736550",
		"time": 1662710403084,
		"isBuyerMaker": true,
		"isBestMatch": true
	},
	{
		"id": 396,
		"price": "0.00053356",
		"qty": "296408.38000000",
		"quoteQty": "158.15165523",
		"time": 1662710403086,
		"isBuyerMaker": true,
		"isBestMatch": true
	},
	{
		"id": 397,
		"price": "0.00055469",
		"qty": "281498.76000000",
		"quoteQty": "156.14454718",
		"time": 1662710403090,
		"isBuyerMaker": false,
		"isBestMatch": true
	},
	{
		"id": 398,
		"price": "0.00055469",
		"qty": "334237.95000000",
		"quoteQty": "185.39844848",
		"time": 1662710403090,
		"isBuyerMaker": false,
		"isBestMatch": true
	},
	{
		"id": 399,
		"price": "0.00055469",
		"qty": "334237.95000000",
		"quoteQty": "185.39844848",
		"time": 1662710403090,
		"isBuyerMaker": false,
		"isBestMatch": true
	},
	{
		"id": 400,
		"price": "0.00055469",
		"qty": "320392.53000000",
		"quoteQty": "177.71853246",
		"time": 1662710403090,
		"isBuyerMaker": false,
		"isBestMatch": true
	},
	{
		"id": 401,
		"price": "0.00055001",
		"qty": "180280.87000000",
		"quoteQty": "99.15628130",
		"time": 1662710403092,
		"isBuyerMaker": true,
		"isBestMatch": true
	},
	{
		"id": 402,
		"price": "0.00053356",
		"qty": "142106.04000000",
		"quoteQty": "75.82209870",
		"time": 1662710403092,
		"isBuyerMaker": true,
		"isBestMatch": true
	},
	{
		"id": 403,
		"price": "0.00053353",
		"qty": "3461407.84000000",
		"quoteQty": "1846.76492487",
		"time": 1662710403092,
		"isBuyerMaker": true,
		"isBestMatch": true
	},
	{
		"id": 404,
		"price": "0.00053353",
		"qty": "3461407.84000000",
		"quoteQty": "1846.76492487",
		"time": 1662710403092,
		"isBuyerMaker": true,
		"isBestMatch": true
	},
	{
		"id": 405,
		"price": "0.00053000",
		"qty": "20000.00000000",
		"quoteQty": "10.60000000",
		"time": 1662710403092,
		"isBuyerMaker": true,
		"isBestMatch": true
	},
	{
		"id": 406,
		"price": "0.00052980",
		"qty": "1681766.70000000",
		"quoteQty": "890.99999766",
		"time": 1662710403092,
		"isBuyerMaker": true,
		"isBestMatch": true
	},
	{
		"id": 407,
		"price": "0.00052967",
		"qty": "282699.97000000",
		"quoteQty": "149.73769310",
		"time": 1662710403092,
		"isBuyerMaker": true,
		"isBestMatch": true
	},
	{
		"id": 408,
		"price": "0.00052887",
		"qty": "468637.20000000",
		"quoteQty": "247.84815596",
		"time": 1662710403092,
		"isBuyerMaker": true,
		"isBestMatch": true
	},
	{
		"id": 409,
		"price": "0.00052887",
		"qty": "420456.64000000",
		"quoteQty": "222.36690319",
		"time": 1662710403101,
		"isBuyerMaker": true,
		"isBestMatch": true
	},
	{
		"id": 410,
		"price": "0.00053887",
		"qty": "346140.79000000",
		"quoteQty": "186.52488750",
		"time": 1662710403133,
		"isBuyerMaker": false,
		"isBestMatch": true
	},
	{
		"id": 411,
		"price": "0.00053887",
		"qty": "346140.79000000",
		"quoteQty": "186.52488750",
		"time": 1662710403133,
		"isBuyerMaker": false,
		"isBestMatch": true
	},
	{
		"id": 412,
		"price": "0.00053887",
		"qty": "346140.79000000",
		"quoteQty": "186.52488750",
		"time": 1662710403133,
		"isBuyerMaker": false,
		"isBestMatch": true
	},
	{
		"id": 413,
		"price": "0.00053887",
		"qty": "346140.79000000",
		"quoteQty": "186.52488750",
		"time": 1662710403133,
		"isBuyerMaker": false,
		"isBestMatch": true
	},
	{
		"id": 414,
		"price": "0.00053887",
		"qty": "346140.79000000",
		"quoteQty": "186.52488750",
		"time": 1662710403133,
		"isBuyerMaker": false,
		"isBestMatch": true
	},
	{
		"id": 415,
		"price": "0.00053887",
		"qty": "346140.79000000",
		"quoteQty": "186.52488750",
		"time": 1662710403133,
		"isBuyerMaker": false,
		"isBestMatch": true
	},
	{
		"id": 416,
		"price": "0.00053887",
		"qty": "346140.79000000",
		"quoteQty": "186.52488750",
		"time": 1662710403133,
		"isBuyerMaker": false,
		"isBestMatch": true
	},
	{
		"id": 417,
		"price": "0.00053887",
		"qty": "346140.79000000",
		"quoteQty": "186.52488750",
		"time": 1662710403133,
		"isBuyerMaker": false,
		"isBestMatch": true
	},
	{
		"id": 418,
		"price": "0.00053887",
		"qty": "346140.79000000",
		"quoteQty": "186.52488750",
		"time": 1662710403133,
		"isBuyerMaker": false,
		"isBestMatch": true
	},
	{
		"id": 419,
		"price": "0.00053887",
		"qty": "304667.93000000",
		"quoteQty": "164.17640743",
		"time": 1662710403133,
		"isBuyerMaker": false,
		"isBestMatch": true
	},
	{
		"id": 420,
		"price": "0.00053886",
		"qty": "180280.87000000",
		"quoteQty": "97.14614960",
		"time": 1662710403140,
		"isBuyerMaker": false,
		"isBestMatch": true
	},
	{
		"id": 421,
		"price": "0.00053887",
		"qty": "41472.80000000",
		"quoteQty": "22.34844773",
		"time": 1662710403140,
		"isBuyerMaker": false,
		"isBestMatch": true
	},
	{
		"id": 422,
		"price": "0.00055467",
		"qty": "73122.88000000",
		"quoteQty": "40.55906784",
		"time": 1662710403140,
		"isBuyerMaker": false,
		"isBestMatch": true
	},
	{
		"id": 423,
		"price": "0.00055467",
		"qty": "38036.64000000",
		"quoteQty": "21.09778310",
		"time": 1662710403159,
		"isBuyerMaker": false,
		"isBestMatch": true
	},
	{
		"id": 424,
		"price": "0.00055467",
		"qty": "125541.71000000",
		"quoteQty": "69.63422028",
		"time": 1662710403159,
		"isBuyerMaker": false,
		"isBestMatch": true
	},
	{
		"id": 425,
		"price": "0.00053358",
		"qty": "185573.51000000",
		"quoteQty": "99.01831346",
		"time": 1662710403160,
		"isBuyerMaker": true,
		"isBestMatch": true
	},
	{
		"id": 426,
		"price": "0.00053357",
		"qty": "329544.64000000",
		"quoteQty": "175.83513356",
		"time": 1662710403160,
		"isBuyerMaker": true,
		"isBestMatch": true
	},
	{
		"id": 427,
		"price": "0.00052888",
		"qty": "112259.62000000",
		"quoteQty": "59.37186782",
		"time": 1662710403160,
		"isBuyerMaker": true,
		"isBestMatch": true
	},
	{
		"id": 428,
		"price": "0.00052887",
		"qty": "324670.97000000",
		"quoteQty": "171.70873590",
		"time": 1662710403160,
		"isBuyerMaker": true,
		"isBestMatch": true
	},
	{
		"id": 429,
		"price": "0.00052887",
		"qty": "19862.95000000",
		"quoteQty": "10.50491836",
		"time": 1662710403166,
		"isBuyerMaker": true,
		"isBestMatch": true
	},
	{
		"id": 430,
		"price": "0.00053887",
		"qty": "53789.64000000",
		"quoteQty": "28.98562330",
		"time": 1662710403186,
		"isBuyerMaker": false,
		"isBestMatch": true
	},
	{
		"id": 431,
		"price": "0.00053887",
		"qty": "292351.15000000",
		"quoteQty": "157.53926420",
		"time": 1662710403188,
		"isBuyerMaker": false,
		"isBestMatch": true
	},
	{
		"id": 432,
		"price": "0.00053887",
		"qty": "272370.21000000",
		"quoteQty": "146.77213506",
		"time": 1662710403188,
		"isBuyerMaker": false,
		"isBestMatch": true
	},
	{
		"id": 433,
		"price": "0.00053887",
		"qty": "73770.58000000",
		"quoteQty": "39.75275244",
		"time": 1662710403188,
		"isBuyerMaker": false,
		"isBestMatch": true
	},
	{
		"id": 434,
		"price": "0.00053887",
		"qty": "346140.79000000",
		"quoteQty": "186.52488750",
		"time": 1662710403188,
		"isBuyerMaker": false,
		"isBestMatch": true
	},
	{
		"id": 435,
		"price": "0.00053887",
		"qty": "346140.79000000",
		"quoteQty": "186.52488750",
		"time": 1662710403188,
		"isBuyerMaker": false,
		"isBestMatch": true
	},
	{
		"id": 436,
		"price": "0.00053887",
		"qty": "346140.79000000",
		"quoteQty": "186.52488750",
		"time": 1662710403188,
		"isBuyerMaker": false,
		"isBestMatch": true
	},
	{
		"id": 437,
		"price": "0.00053887",
		"qty": "346140.79000000",
		"quoteQty": "186.52488750",
		"time": 1662710403188,
		"isBuyerMaker": false,
		"isBestMatch": true
	},
	{
		"id": 438,
		"price": "0.00053887",
		"qty": "346140.79000000",
		"quoteQty": "186.52488750",
		"time": 1662710403188,
		"isBuyerMaker": false,
		"isBestMatch": true
	},
	{
		"id": 439,
		"price": "0.00053887",
		"qty": "45783.68000000",
		"quoteQty": "24.67145164",
		"time": 1662710403188,
		"isBuyerMaker": false,
		"isBestMatch": true
	},
	{
		"id": 440,
		"price": "0.00052888",
		"qty": "180290.62000000",
		"quoteQty": "95.35210310",
		"time": 1662710403198,
		"isBuyerMaker": true,
		"isBestMatch": true
	},
	{
		"id": 441,
		"price": "0.00052887",
		"qty": "548941.64000000",
		"quoteQty": "290.31876514",
		"time": 1662710403198,
		"isBuyerMaker": true,
		"isBestMatch": true
	},
	{
		"id": 442,
		"price": "0.00053886",
		"qty": "185573.51000000",
		"quoteQty": "99.99814159",
		"time": 1662710403214,
		"isBuyerMaker": false,
		"isBestMatch": true
	},
	{
		"id": 443,
		"price": "0.00053887",
		"qty": "300357.11000000",
		"quoteQty": "161.85343586",
		"time": 1662710403214,
		"isBuyerMaker": false,
		"isBestMatch": true
	},
	{
		"id": 444,
		"price": "0.00053887",
		"qty": "346140.79000000",
		"quoteQty": "186.52488750",
		"time": 1662710403214,
		"isBuyerMaker": false,
		"isBestMatch": true
	},
	{
		"id": 445,
		"price": "0.00053887",
		"qty": "220188.43000000",
		"quoteQty": "118.65293927",
		"time": 1662710403214,
		"isBuyerMaker": false,
		"isBestMatch": true
	},
	{
		"id": 446,
		"price": "0.00053887",
		"qty": "125952.30000000",
		"quoteQty": "67.87191590",
		"time": 1662710403221,
		"isBuyerMaker": false,
		"isBestMatch": true
	},
	{
		"id": 447,
		"price": "0.00055467",
		"qty": "34932.16000000",
		"quoteQty": "19.37582118",
		"time": 1662710403221,
		"isBuyerMaker": false,
		"isBestMatch": true
	},
	{
		"id": 448,
		"price": "0.00055469",
		"qty": "13845.42000000",
		"quoteQty": "7.67991601",
		"time": 1662710403221,
		"isBuyerMaker": false,
		"isBestMatch": true
	},
	{
		"id": 449,
		"price": "0.00055469",
		"qty": "189425.34000000",
		"quoteQty": "105.07234184",
		"time": 1662710403221,
		"isBuyerMaker": false,
		"isBestMatch": true
	},
	{
		"id": 450,
		"price": "0.00055469",
		"qty": "144812.57000000",
		"quoteQty": "80.32608445",
		"time": 1662710403235,
		"isBuyerMaker": false,
		"isBestMatch": true
	},
	{
		"id": 451,
		"price": "0.00055750",
		"qty": "112147.36000000",
		"quoteQty": "62.52215320",
		"time": 1662710403248,
		"isBuyerMaker": true,
		"isBestMatch": true
	},
	{
		"id": 452,
		"price": "0.00056219",
		"qty": "136946.55000000",
		"quoteQty": "76.98998094",
		"time": 1662710403251,
		"isBuyerMaker": false,
		"isBestMatch": true
	},
	{
		"id": 453,
		"price": "0.00056219",
		"qty": "170261.05000000",
		"quoteQty": "95.71905969",
		"time": 1662710403251,
		"isBuyerMaker": false,
		"isBestMatch": true
	},
	{
		"id": 454,
		"price": "0.00055750",
		"qty": "1533625.38000000",
		"quoteQty": "854.99614935",
		"time": 1662710403253,
		"isBuyerMaker": true,
		"isBestMatch": true
	},
	{
		"id": 455,
		"price": "0.00054040",
		"qty": "148141.32000000",
		"quoteQty": "80.05556932",
		"time": 1662710403284,
		"isBuyerMaker": false,
		"isBestMatch": true
	},
	{
		"id": 456,
		"price": "0.00055770",
		"qty": "69433.41000000",
		"quoteQty": "38.72301275",
		"time": 1662710403284,
		"isBuyerMaker": true,
		"isBestMatch": true
	},
	{
		"id": 457,
		"price": "0.00056218",
		"qty": "360571.49000000",
		"quoteQty": "202.70608024",
		"time": 1662710403292,
		"isBuyerMaker": false,
		"isBestMatch": true
	},
	{
		"id": 458,
		"price": "0.00056219",
		"qty": "1680.28000000",
		"quoteQty": "0.94463661",
		"time": 1662710403292,
		"isBuyerMaker": false,
		"isBestMatch": true
	},
	{
		"id": 459,
		"price": "0.00056219",
		"qty": "290311.34000000",
		"quoteQty": "163.21013223",
		"time": 1662710403299,
		"isBuyerMaker": false,
		"isBestMatch": true
	},
	{
		"id": 460,
		"price": "0.00056219",
		"qty": "644137.21000000",
		"quoteQty": "362.12749808",
		"time": 1662710403311,
		"isBuyerMaker": false,
		"isBestMatch": true
	},
	{
		"id": 461,
		"price": "0.00056219",
		"qty": "17787.58000000",
		"quoteQty": "9.99999960",
		"time": 1662710403313,
		"isBuyerMaker": false,
		"isBestMatch": true
	},
	{
		"id": 462,
		"price": "0.00055771",
		"qty": "177878.97000000",
		"quoteQty": "99.20488035",
		"time": 1662710403350,
		"isBuyerMaker": true,
		"isBestMatch": true
	},
	{
		"id": 463,
		"price": "0.00054598",
		"qty": "151336.12000000",
		"quoteQty": "82.62649479",
		"time": 1662710403350,
		"isBuyerMaker": true,
		"isBestMatch": true
	},
	{
		"id": 464,
		"price": "0.00056218",
		"qty": "477429.45000000",
		"quoteQty": "268.40128820",
		"time": 1662710403354,
		"isBuyerMaker": false,
		"isBestMatch": true
	},
	{
		"id": 465,
		"price": "0.00056218",
		"qty": "416046.55000000",
		"quoteQty": "233.89304947",
		"time": 1662710403357,
		"isBuyerMaker": false,
		"isBestMatch": true
	},
	{
		"id": 466,
		"price": "0.00056219",
		"qty": "512700.58000000",
		"quoteQty": "288.23513907",
		"time": 1662710403357,
		"isBuyerMaker": false,
		"isBestMatch": true
	},
	{
		"id": 467,
		"price": "0.00056219",
		"qty": "55763.53000000",
		"quoteQty": "31.34969893",
		"time": 1662710403361,
		"isBuyerMaker": false,
		"isBestMatch": true
	},
	{
		"id": 468,
		"price": "0.00054598",
		"qty": "1181644.55000000",
		"quoteQty": "645.15429140",
		"time": 1662710403361,
		"isBuyerMaker": true,
		"isBestMatch": true
	},
	{
		"id": 469,
		"price": "0.00054598",
		"qty": "129712.19000000",
		"quoteQty": "70.82026149",
		"time": 1662710403362,
		"isBuyerMaker": true,
		"isBestMatch": true
	},
	{
		"id": 470,
		"price": "0.00052622",
		"qty": "760130.18000000",
		"quoteQty": "399.99570331",
		"time": 1662710403362,
		"isBuyerMaker": true,
		"isBestMatch": true
	},
	{
		"id": 471,
		"price": "0.00052526",
		"qty": "95024.50000000",
		"quoteQty": "49.91256887",
		"time": 1662710403362,
		"isBuyerMaker": true,
		"isBestMatch": true
	},
	{
		"id": 472,
		"price": "0.00052526",
		"qty": "95024.50000000",
		"quoteQty": "49.91256887",
		"time": 1662710403362,
		"isBuyerMaker": true,
		"isBestMatch": true
	},
	{
		"id": 473,
		"price": "0.00052526",
		"qty": "95024.50000000",
		"quoteQty": "49.91256887",
		"time": 1662710403362,
		"isBuyerMaker": true,
		"isBestMatch": true
	},
	{
		"id": 474,
		"price": "0.00052526",
		"qty": "95024.50000000",
		"quoteQty": "49.91256887",
		"time": 1662710403362,
		"isBuyerMaker": true,
		"isBestMatch": true
	},
	{
		"id": 475,
		"price": "0.00052526",
		"qty": "95024.50000000",
		"quoteQty": "49.91256887",
		"time": 1662710403362,
		"isBuyerMaker": true,
		"isBestMatch": true
	},
	{
		"id": 476,
		"price": "0.00052526",
		"qty": "95024.50000000",
		"quoteQty": "49.91256887",
		"time": 1662710403362,
		"isBuyerMaker": true,
		"isBestMatch": true
	},
	{
		"id": 477,
		"price": "0.00052526",
		"qty": "95024.50000000",
		"quoteQty": "49.91256887",
		"time": 1662710403362,
		"isBuyerMaker": true,
		"isBestMatch": true
	},
	{
		"id": 478,
		"price": "0.00052526",
		"qty": "95024.50000000",
		"quoteQty": "49.91256887",
		"time": 1662710403362,
		"isBuyerMaker": true,
		"isBestMatch": true
	},
	{
		"id": 479,
		"price": "0.00052526",
		"qty": "95024.50000000",
		"quoteQty": "49.91256887",
		"time": 1662710403362,
		"isBuyerMaker": true,
		"isBestMatch": true
	},
	{
		"id": 480,
		"price": "0.00052526",
		"qty": "95024.43000000",
		"quoteQty": "49.91253210",
		"time": 1662710403362,
		"isBuyerMaker": true,
		"isBestMatch": true
	},
	{
		"id": 481,
		"price": "0.00052280",
		"qty": "2917205.99000000",
		"quoteQty": "1525.11529157",
		"time": 1662710403362,
		"isBuyerMaker": true,
		"isBestMatch": true
	},
	{
		"id": 482,
		"price": "0.00054965",
		"qty": "73945.97000000",
		"quoteQty": "40.64440241",
		"time": 1662710403389,
		"isBuyerMaker": false,
		"isBestMatch": true
	},
	{
		"id": 483,
		"price": "0.00054964",
		"qty": "90981.00000000",
		"quoteQty": "50.00679684",
		"time": 1662710403394,
		"isBuyerMaker": false,
		"isBestMatch": true
	},
	{
		"id": 484,
		"price": "0.00054599",
		"qty": "333666.99000000",
		"quoteQty": "182.17883987",
		"time": 1662710403402,
		"isBuyerMaker": true,
		"isBestMatch": true
	},
	{
		"id": 485,
		"price": "0.00054599",
		"qty": "181593.94000000",
		"quoteQty": "99.14847530",
		"time": 1662710403402,
		"isBuyerMaker": true,
		"isBestMatch": true
	},
	{
		"id": 486,
		"price": "0.00054599",
		"qty": "320182.14000000",
		"quoteQty": "174.81624661",
		"time": 1662710403402,
		"isBuyerMaker": true,
		"isBestMatch": true
	},
	{
		"id": 487,
		"price": "0.00053577",
		"qty": "29638.67000000",
		"quoteQty": "15.87951022",
		"time": 1662710403403,
		"isBuyerMaker": false,
		"isBestMatch": true
	},
	{
		"id": 488,
		"price": "0.00053577",
		"qty": "65385.83000000",
		"quoteQty": "35.03176613",
		"time": 1662710403403,
		"isBuyerMaker": false,
		"isBestMatch": true
	},
	{
		"id": 489,
		"price": "0.00053577",
		"qty": "95024.50000000",
		"quoteQty": "50.91127636",
		"time": 1662710403403,
		"isBuyerMaker": false,
		"isBestMatch": true
	},
	{
		"id": 490,
		"price": "0.00053577",
		"qty": "62812.48000000",
		"quoteQty": "33.65304240",
		"time": 1662710403403,
		"isBuyerMaker": false,
		"isBestMatch": true
	},
	{
		"id": 491,
		"price": "0.00053577",
		"qty": "32212.02000000",
		"quoteQty": "17.25823395",
		"time": 1662710403404,
		"isBuyerMaker": false,
		"isBestMatch": true
	},
	{
		"id": 492,
		"price": "0.00053577",
		"qty": "18966.65000000",
		"quoteQty": "10.16176207",
		"time": 1662710403404,
		"isBuyerMaker": false,
		"isBestMatch": true
	},
	{
		"id": 493,
		"price": "0.00053576",
		"qty": "24948.51000000",
		"quoteQty": "13.36641371",
		"time": 1662710403426,
		"isBuyerMaker": false,
		"isBestMatch": true
	},
	{
		"id": 494,
		"price": "0.00053576",
		"qty": "22865.62000000",
		"quoteQty": "12.25048457",
		"time": 1662710403430,
		"isBuyerMaker": false,
		"isBestMatch": true
	},
	{
		"id": 495,
		"price": "0.00053576",
		"qty": "39083.84000000",
		"quoteQty": "20.93955811",
		"time": 1662710403439,
		"isBuyerMaker": false,
		"isBestMatch": true
	},
	{
		"id": 496,
		"price": "0.00053576",
		"qty": "57974.54000000",
		"quoteQty": "31.06043955",
		"time": 1662710403439,
		"isBuyerMaker": false,
		"isBestMatch": true
	},
	{
		"id": 497,
		"price": "0.00053576",
		"qty": "37386.98000000",
		"quoteQty": "20.03044840",
		"time": 1662710403440,
		"isBuyerMaker": false,
		"isBestMatch": true
	},
	{
		"id": 498,
		"price": "0.00053576",
		"qty": "68813.15000000",
		"quoteQty": "36.86733324",
		"time": 1662710403443,
		"isBuyerMaker": false,
		"isBestMatch": true
	},
	{
		"id": 499,
		"price": "0.00053576",
		"qty": "97403.96000000",
		"quoteQty": "52.18514560",
		"time": 1662710403460,
		"isBuyerMaker": false,
		"isBestMatch": true
	},
	{
		"id": 500,
		"price": "0.00053576",
		"qty": "253682.30000000",
		"quoteQty": "135.91282904",
		"time": 1662710403465,
		"isBuyerMaker": false,
		"isBestMatch": true
	},
	{
		"id": 501,
		"price": "0.00053577",
		"qty": "76057.85000000",
		"quoteQty": "40.74951429",
		"time": 1662710403465,
		"isBuyerMaker": false,
		"isBestMatch": true
	},
	{
		"id": 502,
		"price": "0.00053577",
		"qty": "68370.85000000",
		"quoteQty": "36.63105030",
		"time": 1662710403465,
		"isBuyerMaker": false,
		"isBestMatch": true
	},
	{
		"id": 503,
		"price": "0.00054965",
		"qty": "111079.86000000",
		"quoteQty": "61.05504504",
		"time": 1662710403465,
		"isBuyerMaker": false,
		"isBestMatch": true
	},
	{
		"id": 504,
		"price": "0.00054965",
		"qty": "185025.83000000",
		"quoteQty": "101.69944745",
		"time": 1662710403465,
		"isBuyerMaker": false,
		"isBestMatch": true
	},
	{
		"id": 505,
		"price": "0.00054965",
		"qty": "185025.83000000",
		"quoteQty": "101.69944745",
		"time": 1662710403465,
		"isBuyerMaker": false,
		"isBestMatch": true
	},
	{
		"id": 506,
		"price": "0.00054965",
		"qty": "185025.83000000",
		"quoteQty": "101.69944745",
		"time": 1662710403465,
		"isBuyerMaker": false,
		"isBestMatch": true
	},
	{
		"id": 507,
		"price": "0.00054965",
		"qty": "185025.83000000",
		"quoteQty": "101.69944745",
		"time": 1662710403465,
		"isBuyerMaker": false,
		"isBestMatch": true
	},
	{
		"id": 508,
		"price": "0.00054965",
		"qty": "185025.83000000",
		"quoteQty": "101.69944745",
		"time": 1662710403465,
		"isBuyerMaker": false,
		"isBestMatch": true
	},
	{
		"id": 509,
		"price": "0.00054965",
		"qty": "185025.83000000",
		"quoteQty": "101.69944745",
		"time": 1662710403465,
		"isBuyerMaker": false,
		"isBestMatch": true
	},
	{
		"id": 510,
		"price": "0.00054965",
		"qty": "185025.83000000",
		"quoteQty": "101.69944745",
		"time": 1662710403465,
		"isBuyerMaker": false,
		"isBestMatch": true
	},
	{
		"id": 511,
		"price": "0.00054965",
		"qty": "185025.83000000",
		"quoteQty": "101.69944745",
		"time": 1662710403465,
		"isBuyerMaker": false,
		"isBestMatch": true
	},
	{
		"id": 512,
		"price": "0.00054965",
		"qty": "185025.74000000",
		"quoteQty": "101.69939799",
		"time": 1662710403465,
		"isBuyerMaker": false,
		"isBestMatch": true
	},
	{
		"id": 513,
		"price": "0.00056219",
		"qty": "170849.77000000",
		"quoteQty": "96.05003219",
		"time": 1662710403470,
		"isBuyerMaker": false,
		"isBestMatch": true
	},
	{
		"id": 514,
		"price": "0.00056219",
		"qty": "22880.80000000",
		"quoteQty": "12.86335695",
		"time": 1662710403480,
		"isBuyerMaker": false,
		"isBestMatch": true
	},
	{
		"id": 515,
		"price": "0.00056219",
		"qty": "76062.29000000",
		"quoteQty": "42.76145881",
		"time": 1662710403481,
		"isBuyerMaker": false,
		"isBestMatch": true
	},
	{
		"id": 516,
		"price": "0.00056219",
		"qty": "32576.35000000",
		"quoteQty": "18.31409820",
		"time": 1662710403489,
		"isBuyerMaker": false,
		"isBestMatch": true
	},
	{
		"id": 517,
		"price": "0.00056218",
		"qty": "320182.14000000",
		"quoteQty": "179.99999546",
		"time": 1662710403496,
		"isBuyerMaker": false,
		"isBestMatch": true
	},
	{
		"id": 518,
		"price": "0.00056219",
		"qty": "87778.33000000",
		"quoteQty": "49.34809934",
		"time": 1662710403496,
		"isBuyerMaker": false,
		"isBestMatch": true
	},
	{
		"id": 519,
		"price": "0.00055254",
		"qty": "378988.50000000",
		"quoteQty": "209.40630579",
		"time": 1662710403504,
		"isBuyerMaker": true,
		"isBestMatch": true
	},
	{
		"id": 520,
		"price": "0.00055254",
		"qty": "142530.46000000",
		"quoteQty": "78.75378036",
		"time": 1662710403507,
		"isBuyerMaker": true,
		"isBestMatch": true
	},
	{
		"id": 521,
		"price": "0.00055254",
		"qty": "320176.45000000",
		"quoteQty": "176.91029568",
		"time": 1662710403507,
		"isBuyerMaker": true,
		"isBestMatch": true
	},
	{
		"id": 522,
		"price": "0.00055254",
		"qty": "422441.78000000",
		"quoteQty": "233.41598112",
		"time": 1662710403507,
		"isBuyerMaker": true,
		"isBestMatch": true
	},
	{
		"id": 523,
		"price": "0.00054782",
		"qty": "341480.71000000",
		"quoteQty": "187.06996255",
		"time": 1662710403509,
		"isBuyerMaker": false,
		"isBestMatch": true
	},
	{
		"id": 524,
		"price": "0.00054782",
		"qty": "110212.24000000",
		"quoteQty": "60.37646931",
		"time": 1662710403509,
		"isBuyerMaker": false,
		"isBestMatch": true
	},
	{
		"id": 525,
		"price": "0.00054781",
		"qty": "20677.81000000",
		"quoteQty": "11.32751109",
		"time": 1662710403521,
		"isBuyerMaker": false,
		"isBestMatch": true
	},
	{
		"id": 526,
		"price": "0.00054781",
		"qty": "401763.97000000",
		"quoteQty": "220.09032040",
		"time": 1662710403522,
		"isBuyerMaker": false,
		"isBestMatch": true
	},
	{
		"id": 527,
		"price": "0.00054782",
		"qty": "154972.36000000",
		"quoteQty": "84.89695825",
		"time": 1662710403522,
		"isBuyerMaker": false,
		"isBestMatch": true
	},
	{
		"id": 528,
		"price": "0.00053355",
		"qty": "328575.07000000",
		"quoteQty": "175.31122859",
		"time": 1662710403524,
		"isBuyerMaker": true,
		"isBestMatch": true
	},
	{
		"id": 529,
		"price": "0.00054781",
		"qty": "435143.15000000",
		"quoteQty": "238.37576900",
		"time": 1662710403531,
		"isBuyerMaker": false,
		"isBestMatch": true
	},
	{
		"id": 530,
		"price": "0.00054781",
		"qty": "18254.50000000",
		"quoteQty": "9.99999764",
		"time": 1662710403531,
		"isBuyerMaker": false,
		"isBestMatch": true
	},
	{
		"id": 531,
		"price": "0.00053354",
		"qty": "40759.74000000",
		"quoteQty": "21.74695167",
		"time": 1662710403540,
		"isBuyerMaker": true,
		"isBestMatch": true
	},
	{
		"id": 532,
		"price": "0.00054781",
		"qty": "68121.31000000",
		"quoteQty": "37.31753483",
		"time": 1662710403543,
		"isBuyerMaker": false,
		"isBestMatch": true
	},
	{
		"id": 533,
		"price": "0.00054781",
		"qty": "91462.21000000",
		"quoteQty": "50.10391326",
		"time": 1662710403543,
		"isBuyerMaker": false,
		"isBestMatch": true
	},
	{
		"id": 534,
		"price": "0.00054781",
		"qty": "228714.24000000",
		"quoteQty": "125.29194781",
		"time": 1662710403545,
		"isBuyerMaker": false,
		"isBestMatch": true
	},
	{
		"id": 535,
		"price": "0.00054782",
		"qty": "76296.11000000",
		"quoteQty": "41.79653498",
		"time": 1662710403545,
		"isBuyerMaker": false,
		"isBestMatch": true
	},
	{
		"id": 536,
		"price": "0.00054782",
		"qty": "44512.11000000",
		"quoteQty": "24.38462410",
		"time": 1662710403545,
		"isBuyerMaker": false,
		"isBestMatch": true
	},
	{
		"id": 537,
		"price": "0.00054782",
		"qty": "286839.14000000",
		"quoteQty": "157.13621767",
		"time": 1662710403549,
		"isBuyerMaker": false,
		"isBestMatch": true
	},
	{
		"id": 538,
		"price": "0.00053354",
		"qty": "813457.23000000",
		"quoteQty": "434.01197049",
		"time": 1662710403560,
		"isBuyerMaker": true,
		"isBestMatch": true
	},
	{
		"id": 539,
		"price": "0.00054781",
		"qty": "131393.00000000",
		"quoteQty": "71.97839933",
		"time": 1662710403578,
		"isBuyerMaker": false,
		"isBestMatch": true
	},
	{
		"id": 540,
		"price": "0.00054781",
		"qty": "335807.05000000",
		"quoteQty": "183.95846006",
		"time": 1662710403578,
		"isBuyerMaker": false,
		"isBestMatch": true
	},
	{
		"id": 541,
		"price": "0.00054781",
		"qty": "299582.02000000",
		"quoteQty": "164.11402637",
		"time": 1662710403580,
		"isBuyerMaker": false,
		"isBestMatch": true
	},
	{
		"id": 542,
		"price": "0.00054781",
		"qty": "328575.07000000",
		"quoteQty": "179.99670909",
		"time": 1662710403580,
		"isBuyerMaker": false,
		"isBestMatch": true
	},
	{
		"id": 543,
		"price": "0.00054782",
		"qty": "10129.46000000",
		"quoteQty": "5.54912077",
		"time": 1662710403580,
		"isBuyerMaker": false,
		"isBestMatch": true
	},
	{
		"id": 544,
		"price": "0.00054782",
		"qty": "341480.71000000",
		"quoteQty": "187.06996255",
		"time": 1662710403580,
		"isBuyerMaker": false,
		"isBestMatch": true
	},
	{
		"id": 545,
		"price": "0.00054782",
		"qty": "341480.71000000",
		"quoteQty": "187.06996255",
		"time": 1662710403580,
		"isBuyerMaker": false,
		"isBestMatch": true
	},
	{
		"id": 546,
		"price": "0.00054782",
		"qty": "341480.71000000",
		"quoteQty": "187.06996255",
		"time": 1662710403580,
		"isBuyerMaker": false,
		"isBestMatch": true
	},
	{
		"id": 547,
		"price": "0.00054782",
		"qty": "341480.71000000",
		"quoteQty": "187.06996255",
		"time": 1662710403580,
		"isBuyerMaker": false,
		"isBestMatch": true
	},
	{
		"id": 548,
		"price": "0.00054782",
		"qty": "20908.47000000",
		"quoteQty": "11.45407803",
		"time": 1662710403580,
		"isBuyerMaker": false,
		"isBestMatch": true
	},
	{
		"id": 549,
		"price": "0.00054782",
		"qty": "35682.28000000",
		"quoteQty": "19.54746662",
		"time": 1662710403595,
		"isBuyerMaker": false,
		"isBestMatch": true
	},
	{
		"id": 550,
		"price": "0.00053355",
		"qty": "440451.10000000",
		"quoteQty": "235.00268440",
		"time": 1662710403602,
		"isBuyerMaker": true,
		"isBestMatch": true
	},
	{
		"id": 551,
		"price": "0.00053355",
		"qty": "214718.54000000",
		"quoteQty": "114.56307701",
		"time": 1662710403602,
		"isBuyerMaker": true,
		"isBestMatch": true
	},
	{
		"id": 552,
		"price": "0.00054781",
		"qty": "50053.85000000",
		"quoteQty": "27.41999956",
		"time": 1662710403606,
		"isBuyerMaker": false,
		"isBestMatch": true
	},
	{
		"id": 553,
		"price": "0.00053355",
		"qty": "103652.43000000",
		"quoteQty": "55.30375402",
		"time": 1662710403612,
		"isBuyerMaker": true,
		"isBestMatch": true
	},
	{
		"id": 554,
		"price": "0.00054780",
		"qty": "214718.54000000",
		"quoteQty": "117.62281621",
		"time": 1662710403620,
		"isBuyerMaker": false,
		"isBestMatch": true
	},
	{
		"id": 555,
		"price": "0.00054781",
		"qty": "9856.94000000",
		"quoteQty": "5.39973030",
		"time": 1662710403620,
		"isBuyerMaker": false,
		"isBestMatch": true
	},
	{
		"id": 556,
		"price": "0.00054781",
		"qty": "11784.34000000",
		"quoteQty": "6.45557929",
		"time": 1662710403624,
		"isBuyerMaker": false,
		"isBestMatch": true
	},
	{
		"id": 557,
		"price": "0.00054782",
		"qty": "82702.64000000",
		"quoteQty": "45.30616024",
		"time": 1662710403624,
		"isBuyerMaker": false,
		"isBestMatch": true
	},
	{
		"id": 558,
		"price": "0.00055258",
		"qty": "217279.25000000",
		"quoteQty": "120.06416796",
		"time": 1662710403624,
		"isBuyerMaker": false,
		"isBestMatch": true
	},
	{
		"id": 559,
		"price": "0.00055258",
		"qty": "86329.74000000",
		"quoteQty": "47.70408772",
		"time": 1662710403624,
		"isBuyerMaker": false,
		"isBestMatch": true
	},
	{
		"id": 560,
		"price": "0.00055258",
		"qty": "130949.51000000",
		"quoteQty": "72.36008023",
		"time": 1662710403627,
		"isBuyerMaker": false,
		"isBestMatch": true
	},
	{
		"id": 561,
		"price": "0.00055258",
		"qty": "213611.22000000",
		"quoteQty": "118.03728794",
		"time": 1662710403627,
		"isBuyerMaker": false,
		"isBestMatch": true
	},
	{
		"id": 562,
		"price": "0.00055258",
		"qty": "3668.03000000",
		"quoteQty": "2.02688001",
		"time": 1662710403628,
		"isBuyerMaker": false,
		"isBestMatch": true
	},
	{
		"id": 563,
		"price": "0.00055258",
		"qty": "217279.25000000",
		"quoteQty": "120.06416796",
		"time": 1662710403628,
		"isBuyerMaker": false,
		"isBestMatch": true
	},
	{
		"id": 564,
		"price": "0.00055258",
		"qty": "108244.29000000",
		"quoteQty": "59.81362976",
		"time": 1662710403628,
		"isBuyerMaker": false,
		"isBestMatch": true
	},
	{
		"id": 565,
		"price": "0.00054780",
		"qty": "95964.17000000",
		"quoteQty": "52.56917232",
		"time": 1662710403635,
		"isBuyerMaker": false,
		"isBestMatch": true
	},
	{
		"id": 566,
		"price": "0.00054780",
		"qty": "55598.90000000",
		"quoteQty": "30.45707742",
		"time": 1662710403645,
		"isBuyerMaker": false,
		"isBestMatch": true
	},
	{
		"id": 567,
		"price": "0.00053790",
		"qty": "138466.20000000",
		"quoteQty": "74.48096898",
		"time": 1662710403647,
		"isBuyerMaker": true,
		"isBestMatch": true
	},
	{
		"id": 568,
		"price": "0.00053357",
		"qty": "328587.07000000",
		"quoteQty": "175.32420293",
		"time": 1662710403647,
		"isBuyerMaker": true,
		"isBestMatch": true
	},
	{
		"id": 569,
		"price": "0.00053356",
		"qty": "78853.65000000",
		"quoteQty": "42.07315349",
		"time": 1662710403647,
		"isBuyerMaker": true,
		"isBestMatch": true
	},
	{
		"id": 570,
		"price": "0.00054779",
		"qty": "103652.43000000",
		"quoteQty": "56.77976462",
		"time": 1662710403652,
		"isBuyerMaker": false,
		"isBestMatch": true
	},
	{
		"id": 571,
		"price": "0.00054780",
		"qty": "96109.83000000",
		"quoteQty": "52.64896487",
		"time": 1662710403652,
		"isBuyerMaker": false,
		"isBestMatch": true
	},
	{
		"id": 572,
		"price": "0.00053356",
		"qty": "332229.35000000",
		"quoteQty": "177.26429198",
		"time": 1662710403652,
		"isBuyerMaker": true,
		"isBestMatch": true
	},
	{
		"id": 573,
		"price": "0.00052983",
		"qty": "112058.34000000",
		"quoteQty": "59.37187028",
		"time": 1662710403652,
		"isBuyerMaker": true,
		"isBestMatch": true
	},
	{
		"id": 574,
		"price": "0.00052982",
		"qty": "93427.96000000",
		"quoteQty": "49.50000176",
		"time": 1662710403652,
		"isBuyerMaker": true,
		"isBestMatch": true
	},
	{
		"id": 575,
		"price": "0.00052982",
		"qty": "8191.27000000",
		"quoteQty": "4.33989867",
		"time": 1662710403652,
