[
	{
		"id": 0,
		"price": "0.37890000",
		"qty": "27.00000000",
		"quoteQty": "10.23030000",
		"time": 1662710400000,
		"isBuyerMaker": false,
		"isBestMatch": true
	},
	{
		"id": 1,
		"price": "0.46700000",
		"qty": "303.00000000",
		"quoteQty": "141.50100000",
		"time": 1662710400013,
		"isBuyerMaker": false,
		"isBestMatch": true
	},
	{
		"id": 2,
		"price": "0.46700000",
		"qty": "89.00000000",
		"quoteQty": "41.56300000",
		"time": 1662710400031,
		"isBuyerMaker": false,
		"isBestMatch": true
	},
	{
		"id": 3,
		"price": "0.46700000",
		"qty": "23.00000000",
		"quoteQty": "10.74100000",
		"time": 1662710400129,
		"isBuyerMaker": false,
		"isBestMatch": true
	},
	{
		"id": 4,
		"price": "0.46700000",
		"qty": "261.00000000",
		"quoteQty": "121.88700000",
		"time": 1662710400235,
		"isBuyerMaker": false,
		"isBestMatch": true
	},
	{
		"id": 5,
		"price": "0.46700000",
		"qty": "354.00000000",
		"quoteQty": "165.31800000",
		"time": 1662710400252,
		"isBuyerMaker": false,
		"isBestMatch": true
	},
	{
		"id": 6,
		"price": "0.44430000",
		"qty": "1209.00000000",
		"quoteQty": "537.15870000",
		"time": 1662710400543,
		"isBuyerMaker": false,
		"isBestMatch": true
	},
	{
		"id": 7,
		"price": "0.44000000",
		"qty": "287.00000000",
		"quoteQty": "126.28000000",
		"time": 1662710400769,
		"isBuyerMaker": false,
		"isBestMatch": true
	},
	{
		"id": 8,
		"price": "0.44000000",
		"qty": "2652.00000000",
		"quoteQty": "1166.88000000",
		"time": 1662710400884,
		"isBuyerMaker": false,
		"isBestMatch": true
	},
	{
		"id": 9,
		"price": "0.44000000",
		"qty": "53.00000000",
		"quoteQty": "23.32000000",
		"time": 1662710401156,
		"isBuyerMaker": false,
		"isBestMatch": true
	},
	{
		"id": 10,
		"price": "0.44000000",
		"qty": "557.00000000",
		"quoteQty": "245.08000000",
		"time": 1662710401455,
		"isBuyerMaker": false,
		"isBestMatch": true
	},
	{
		"id": 11,
		"price": "0.42310000",
		"qty": "86.00000000",
		"quoteQty": "36.38660000",
		"time": 1662710401526,
		"isBuyerMaker": true,
		"isBestMatch": true
	},
	{
		"id": 12,
		"price": "0.42320000",
		"qty": "59.00000000",
		"quoteQty": "24.96880000",
		"time": 1662710401656,
		"isBuyerMaker": true,
		"isBestMatch": true
	},
	{
		"id": 13,
		"price": "0.42320000",
		"qty": "43.00000000",
		"quoteQty": "18.19760000",
		"time": 1662710401687,
		"isBuyerMaker": true,
		"isBestMatch": true
	},
	{
		"id": 14,
		"price": "0.42320000",
		"qty": "68.00000000",
		"quoteQty": "28.77760000",
		"time": 1662710401720,
		"isBuyerMaker": true,
		"isBestMatch": true
	},
	{
		"id": 15,
		"price": "0.42320000",
		"qty": "15.00000000",
		"quoteQty": "6.34800000",
		"time": 1662710401824,
		"isBuyerMaker": true,
		"isBestMatch": true
	},
	{
		"id": 16,
		"price": "0.42310000",
		"qty": "35.00000000",
		"quoteQty": "14.80850000",
		"time": 1662710401824,
		"isBuyerMaker": true,
		"isBestMatch": true
	},
	{
		"id": 17,
		"price": "0.43980000",
		"qty": "102.00000000",
		"quoteQty": "44.85960000",
		"time": 1662710401836,
		"isBuyerMaker": false,
		"isBestMatch": true
	},
	{
		"id": 18,
		"price": "0.43990000",
		"qty": "11.00000000",
		"quoteQty": "4.83890000",
		"time": 1662710401836,
		"isBuyerMaker": false,
		"isBestMatch": true
	},
	{
		"id": 19,
		"price": "0.42310000",
		"qty": "52.00000000",
		"quoteQty": "22.00120000",
		"time": 1662710401865,
		"isBuyerMaker": true,
		"isBestMatch": true
	},
	{
		"id": 20,
		"price": "0.42310000",
		"qty": "44.00000000",
		"quoteQty": "18.61640000",
		"time": 1662710401865,
		"isBuyerMaker": true,
		"isBestMatch": true
	},
	{
		"id": 21,
		"price": "0.43980000",
		"qty": "47.00000000",
		"quoteQty": "20.67060000",
		"time": 1662710401959,
		"isBuyerMaker": false,
		"isBestMatch": true
	},
	{
		"id": 22,
		"price": "0.42330000",
		"qty": "51.00000000",
		"quoteQty": "21.58830000",
		"time": 1662710401977,
		"isBuyerMaker": true,
		"isBestMatch": true
	},
	{
		"id": 23,
		"price": "0.43980000",
		"qty": "36.00000000",
		"quoteQty": "15.83280000",
		"time": 1662710402001,
		"isBuyerMaker": false,
		"isBestMatch": true
	},
	{
		"id": 24,
		"price": "0.44000000",
		"qty": "1300.00000000",
		"quoteQty": "572.00000000",
		"time": 1662710402001,
		"isBuyerMaker": false,
		"isBestMatch": true
	},
	{
		"id": 25,
		"price": "0.42350000",
		"qty": "630.00000000",
		"quoteQty": "266.80500000",
		"time": 1662710402185,
		"isBuyerMaker": true,
		"isBestMatch": true
	},
	{
		"id": 26,
		"price": "0.42350000",
		"qty": "37.00000000",
		"quoteQty": "15.66950000",
		"time": 1662710402185,
		"isBuyerMaker": true,
		"isBestMatch": true
	},
	{
		"id": 27,
		"price": "0.43980000",
		"qty": "477.00000000",
		"quoteQty": "209.78460000",
		"time": 1662710402240,
		"isBuyerMaker": false,
		"isBestMatch": true
	},
	{
		"id": 28,
		"price": "0.42360000",
		"qty": "333.00000000",
		"quoteQty": "141.05880000",
		"time": 1662710402265,
		"isBuyerMaker": true,
		"isBestMatch": true
	},
	{
		"id": 29,
		"price": "0.42360000",
		"qty": "307.00000000",
		"quoteQty": "130.04520000",
		"time": 1662710402329,
		"isBuyerMaker": true,
		"isBestMatch": true
	},
	{
		"id": 30,
		"price": "0.42350000",
		"qty": "480.00000000",
		"quoteQty": "203.28000000",
		"time": 1662710402329,
		"isBuyerMaker": true,
		"isBestMatch": true
	},
	{
		"id": 31,
		"price": "0.42350000",
		"qty": "78.00000000",
		"quoteQty": "33.03300000",
		"time": 1662710402379,
		"isBuyerMaker": true,
		"isBestMatch": true
	},
	{
		"id": 32,
		"price": "0.42350000",
		"qty": "594.00000000",
		"quoteQty": "251.55900000",
		"time": 1662710402379,
		"isBuyerMaker": true,
		"isBestMatch": true
	},
	{
		"id": 33,
		"price": "0.42340000",
		"qty": "28.00000000",
		"quoteQty": "11.85520000",
		"time": 1662710402379,
		"isBuyerMaker": true,
		"isBestMatch": true
	},
	{
		"id": 34,
		"price": "0.42310000",
		"qty": "14.00000000",
		"quoteQty": "5.92340000",
		"time": 1662710402379,
		"isBuyerMaker": true,
		"isBestMatch": true
	},
	{
		"id": 35,
		"price": "0.42300000",
		"qty": "356.00000000",
		"quoteQty": "150.58800000",
		"time": 1662710402427,
		"isBuyerMaker": true,
		"isBestMatch": true
	},
	{
		"id": 36,
		"price": "0.42310000",
		"qty": "146.00000000",
		"quoteQty": "61.77260000",
		"time": 1662710402503,
		"isBuyerMaker": true,
		"isBestMatch": true
	},
	{
		"id": 37,
		"price": "0.42300000",
		"qty": "1.00000000",
		"quoteQty": "0.42300000",
		"time": 1662710402503,
		"isBuyerMaker": true,
		"isBestMatch": true
	},
	{
		"id": 38,
		"price": "0.42300000",
		"qty": "379.00000000",
		"quoteQty": "160.31700000",
		"time": 1662710402561,
		"isBuyerMaker": true,
		"isBestMatch": true
	},
	{
		"id": 39,
		"price": "0.42300000",
		"qty": "190.00000000",
		"quoteQty": "80.37000000",
		"time": 1662710402605,
		"isBuyerMaker": true,
		"isBestMatch": true
	},
	{
		"id": 40,
		"price": "0.42300000",
		"qty": "186.00000000",
		"quoteQty": "78.67800000",
		"time": 1662710402667,
		"isBuyerMaker": true,
		"isBestMatch": true
	},
	{
		"id": 41,
		"price": "0.42300000",
		"qty": "186.00000000",
		"quoteQty": "78.67800000",
		"time": 1662710402765,
		"isBuyerMaker": true,
		"isBestMatch": true
	},
	{
		"id": 42,
		"price": "0.43920000",
		"qty": "27.00000000",
		"quoteQty": "11.85840000",
		"time": 1662710402791,
		"isBuyerMaker": false,
		"isBestMatch": true
	},
	{
		"id": 43,
		"price": "0.43900000",
		"qty": "43.00000000",
		"quoteQty": "18.87700000",
		"time": 1662710402869,
		"isBuyerMaker": false,
		"isBestMatch": true
	},
	{
		"id": 44,
		"price": "0.43890000",
		"qty": "245.00000000",
		"quoteQty": "107.53050000",
		"time": 1662710402944,
		"isBuyerMaker": false,
		"isBestMatch": true
	},
	{
		"id": 45,
		"price": "0.43900000",
		"qty": "551.00000000",
		"quoteQty": "241.88900000",
		"time": 1662710402944,
		"isBuyerMaker": false,
		"isBestMatch": true
	},
	{
		"id": 46,
		"price": "0.43930000",
		"qty": "190.00000000",
		"quoteQty": "83.46700000",
		"time": 1662710402944,
		"isBuyerMaker": false,
		"isBestMatch": true
	},
	{
		"id": 47,
		"price": "0.43930000",
		"qty": "58.00000000",
		"quoteQty": "25.47940000",
		"time": 1662710402944,
		"isBuyerMaker": false,
		"isBestMatch": true
	},
	{
		"id": 48,
		"price": "0.43970000",
		"qty": "147.00000000",
		"quoteQty": "64.63590000",
		"time": 1662710402944,
		"isBuyerMaker": false,
		"isBestMatch": true
	},
	{
		"id": 49,
		"price": "0.44000000",
		"qty": "2543.00000000",
		"quoteQty": "1118.92000000",
		"time": 1662710402944,
		"isBuyerMaker": false,
		"isBestMatch": true
	},
	{
		"id": 50,
		"price": "0.42320000",
		"qty": "61.00000000",
		"quoteQty": "25.81520000",
		"time": 1662710403061,
		"isBuyerMaker": true,
		"isBestMatch": true
	},
	{
		"id": 51,
		"price": "0.42320000",
		"qty": "40.00000000",
		"quoteQty": "16.92800000",
		"time": 1662710403143,
		"isBuyerMaker": true,
		"isBestMatch": true
	},
	{
		"id": 52,
		"price": "0.43810000",
		"qty": "244.00000000",
		"quoteQty": "106.89640000",
		"time": 1662710403321,
		"isBuyerMaker": false,
		"isBestMatch": true
	},
	{
		"id": 53,
		"price": "0.43820000",
		"qty": "640.00000000",
		"quoteQty": "280.44800000",
		"time": 1662710403321,
		"isBuyerMaker": false,
		"isBestMatch": true
	},
	{
		"id": 54,
		"price": "0.43840000",
		"qty": "61.00000000",
		"quoteQty": "26.74240000",
		"time": 1662710403321,
		"isBuyerMaker": false,
		"isBestMatch": true
	},
	{
		"id": 55,
		"price": "0.43870000",
		"qty": "197.00000000",
		"quoteQty": "86.42390000",
		"time": 1662710403321,
		"isBuyerMaker": false,
		"isBestMatch": true
	},
	{
		"id": 56,
		"price": "0.43940000",
		"qty": "7965.00000000",
		"quoteQty": "3499.82100000",
		"time": 1662710403321,
		"isBuyerMaker": false,
		"isBestMatch": true
	},
	{
		"id": 57,
		"price": "0.42330000",
		"qty": "24.00000000",
		"quoteQty": "10.15920000",
		"time": 1662710403360,
		"isBuyerMaker": true,
		"isBestMatch": true
	},
	{
		"id": 58,
		"price": "0.42330000",
		"qty": "162.00000000",
		"quoteQty": "68.57460000",
		"time": 1662710403360,
		"isBuyerMaker": true,
		"isBestMatch": true
	},
	{
		"id": 59,
		"price": "0.42810000",
		"qty": "87.00000000",
		"quoteQty": "37.24470000",
		"time": 1662710403443,
		"isBuyerMaker": true,
		"isBestMatch": true
	},
	{
		"id": 60,
		"price": "0.42360000",
		"qty": "67.00000000",
		"quoteQty": "28.38120000",
		"time": 1662710403553,
		"isBuyerMaker": true,
		"isBestMatch": true
	},
	{
		"id": 61,
		"price": "0.43640000",
		"qty": "170.00000000",
		"quoteQty": "74.18800000",
		"time": 1662710403590,
		"isBuyerMaker": false,
		"isBestMatch": true
	},
	{
		"id": 62,
		"price": "0.43650000",
		"qty": "575.00000000",
		"quoteQty": "250.98750000",
		"time": 1662710403590,
		"isBuyerMaker": false,
		"isBestMatch": true
	},
	{
		"id": 63,
		"price": "0.43510000",
		"qty": "608.00000000",
		"quoteQty": "264.54080000",
		"time": 1662710403697,
		"isBuyerMaker": true,
		"isBestMatch": true
	},
	{
		"id": 64,
		"price": "0.43500000",
		"qty": "1246.00000000",
		"quoteQty": "542.01000000",
		"time": 1662710403697,
		"isBuyerMaker": true,
		"isBestMatch": true
	},
	{
		"id": 65,
		"price": "0.42830000",
		"qty": "144.00000000",
		"quoteQty": "61.67520000",
		"time": 1662710403697,
		"isBuyerMaker": true,
		"isBestMatch": true
	},
	{
		"id": 66,
		"price": "0.42350000",
		"qty": "198.00000000",
		"quoteQty": "83.85300000",
		"time": 1662710403697,
		"isBuyerMaker": true,
		"isBestMatch": true
	},
	{
		"id": 67,
		"price": "0.42310000",
		"qty": "709.00000000",
		"quoteQty": "299.97790000",
		"time": 1662710403697,
		"isBuyerMaker": true,
		"isBestMatch": true
	},
	{
		"id": 68,
		"price": "0.42300000",
		"qty": "2048.00000000",
		"quoteQty": "866.30400000",
		"time": 1662710403697,
		"isBuyerMaker": true,
		"isBestMatch": true
	},
	{
		"id": 69,
		"price": "0.42090000",
		"qty": "760.00000000",
		"quoteQty": "319.88400000",
		"time": 1662710403697,
		"isBuyerMaker": true,
		"isBestMatch": true
	},
	{
		"id": 70,
		"price": "0.41630000",
		"qty": "1246.00000000",
		"quoteQty": "518.70980000",
		"time": 1662710403697,
		"isBuyerMaker": true,
		"isBestMatch": true
	},
	{
		"id": 71,
		"price": "0.41330000",
		"qty": "7186.00000000",
		"quoteQty": "2969.97380000",
		"time": 1662710403697,
		"isBuyerMaker": true,
		"isBestMatch": true
	},
	{
		"id": 72,
		"price": "0.40410000",
		"qty": "596.00000000",
		"quoteQty": "240.84360000",
		"time": 1662710403697,
		"isBuyerMaker": true,
		"isBestMatch": true
	},
	{
		"id": 73,
		"price": "0.43650000",
		"qty": "20.00000000",
		"quoteQty": "8.73000000",
		"time": 1662710403725,
		"isBuyerMaker": false,
		"isBestMatch": true
	},
	{
		"id": 74,
		"price": "0.43660000",
		"qty": "19.00000000",
		"quoteQty": "8.29540000",
		"time": 1662710403725,
		"isBuyerMaker": false,
		"isBestMatch": true
	},
	{
		"id": 75,
		"price": "0.43640000",
		"qty": "57.00000000",
		"quoteQty": "24.87480000",
		"time": 1662710403758,
		"isBuyerMaker": false,
		"isBestMatch": true
	},
	{
		"id": 76,
		"price": "0.41730000",
		"qty": "47.00000000",
		"quoteQty": "19.61310000",
		"time": 1662710403951,
		"isBuyerMaker": false,
		"isBestMatch": true
	},
	{
		"id": 77,
		"price": "0.41720000",
		"qty": "71.00000000",
		"quoteQty": "29.62120000",
		"time": 1662710404089,
		"isBuyerMaker": false,
		"isBestMatch": true
	},
	{
		"id": 78,
		"price": "0.41720000",
		"qty": "64.00000000",
		"quoteQty": "26.70080000",
		"time": 1662710404397,
		"isBuyerMaker": false,
		"isBestMatch": true
	},
	{
		"id": 79,
		"price": "0.40620000",
		"qty": "600.00000000",
		"quoteQty": "243.72000000",
		"time": 1662710404635,
		"isBuyerMaker": true,
		"isBestMatch": true
	},
	{
		"id": 80,
		"price": "0.40620000",
		"qty": "1739.00000000",
		"quoteQty": "706.38180000",
		"time": 1662710404635,
		"isBuyerMaker": true,
		"isBestMatch": true
	},
	{
		"id": 81,
		"price": "0.41690000",
		"qty": "49.00000000",
		"quoteQty": "20.42810000",
		"time": 1662710404683,
		"isBuyerMaker": false,
		"isBestMatch": true
	},
	{
		"id": 82,
		"price": "0.40630000",
		"qty": "5817.00000000",
		"quoteQty": "2363.44710000",
		"time": 1662710404743,
		"isBuyerMaker": true,
		"isBestMatch": true
	},
	{
		"id": 83,
		"price": "0.40450000",
		"qty": "1369.00000000",
		"quoteQty": "553.76050000",
		"time": 1662710404743,
		"isBuyerMaker": true,
		"isBestMatch": true
	},
	{
		"id": 84,
		"price": "0.41380000",
		"qty": "241.00000000",
		"quoteQty": "99.72580000",
		"time": 1662710404785,
		"isBuyerMaker": false,
		"isBestMatch": true
	},
	{
		"id": 85,
		"price": "0.40480000",
		"qty": "1246.00000000",
		"quoteQty": "504.38080000",
		"time": 1662710404907,
		"isBuyerMaker": true,
		"isBestMatch": true
	},
	{
		"id": 86,
		"price": "0.41240000",
		"qty": "108.00000000",
		"quoteQty": "44.53920000",
		"time": 1662710405049,
		"isBuyerMaker": false,
		"isBestMatch": true
	},
	{
		"id": 87,
		"price": "0.41240000",
		"qty": "520.00000000",
		"quoteQty": "214.44800000",
		"time": 1662710405092,
		"isBuyerMaker": false,
		"isBestMatch": true
	},
	{
		"id": 88,
		"price": "0.41250000",
		"qty": "337.00000000",
		"quoteQty": "139.01250000",
		"time": 1662710405092,
		"isBuyerMaker": false,
		"isBestMatch": true
	},
	{
		"id": 89,
		"price": "0.41260000",
		"qty": "1369.00000000",
		"quoteQty": "564.84940000",
		"time": 1662710405092,
		"isBuyerMaker": false,
		"isBestMatch": true
	},
	{
		"id": 90,
		"price": "0.41400000",
		"qty": "60.00000000",
		"quoteQty": "24.84000000",
		"time": 1662710405092,
		"isBuyerMaker": false,
		"isBestMatch": true
	},
	{
		"id": 91,
		"price": "0.41400000",
		"qty": "60.00000000",
		"quoteQty": "24.84000000",
		"time": 1662710405092,
		"isBuyerMaker": false,
		"isBestMatch": true
	},
	{
		"id": 92,
		"price": "0.41400000",
		"qty": "60.00000000",
		"quoteQty": "24.84000000",
		"time": 1662710405092,
		"isBuyerMaker": false,
		"isBestMatch": true
	},
	{
		"id": 93,
		"price": "0.41400000",
		"qty": "60.00000000",
		"quoteQty": "24.84000000",
		"time": 1662710405092,
		"isBuyerMaker": false,
		"isBestMatch": true
	},
	{
		"id": 94,
		"price": "0.41400000",
		"qty": "60.00000000",
		"quoteQty": "24.84000000",
		"time": 1662710405092,
		"isBuyerMaker": false,
		"isBestMatch": true
	},
	{
		"id": 95,
		"price": "0.41400000",
		"qty": "60.00000000",
		"quoteQty": "24.84000000",
		"time": 1662710405092,
		"isBuyerMaker": false,
		"isBestMatch": true
	},
	{
		"id": 96,
		"price": "0.41400000",
		"qty": "60.00000000",
		"quoteQty": "24.84000000",
		"time": 1662710405092,
		"isBuyerMaker": false,
		"isBestMatch": true
	},
	{
		"id": 97,
		"price": "0.41400000",
		"qty": "60.00000000",
		"quoteQty": "24.84000000",
		"time": 1662710405092,
		"isBuyerMaker": false,
		"isBestMatch": true
	},
	{
		"id": 98,
		"price": "0.41400000",
		"qty": "60.00000000",
		"quoteQty": "24.84000000",
		"time": 1662710405092,
		"isBuyerMaker": false,
		"isBestMatch": true
	},
	{
		"id": 99,
		"price": "0.41400000",
		"qty": "56.00000000",
		"quoteQty": "23.18400000",
		"time": 1662710405092,
		"isBuyerMaker": false,
		"isBestMatch": true
	},
	{
		"id": 100,
		"price": "0.41690000",
		"qty": "209.00000000",
		"quoteQty": "87.13210000",
		"time": 1662710405092,
		"isBuyerMaker": false,
		"isBestMatch": true
	},
	{
		"id": 101,
		"price": "0.40700000",
		"qty": "735.00000000",
		"quoteQty": "299.14500000",
		"time": 1662710405375,
		"isBuyerMaker": true,
		"isBestMatch": true
	},
	{
		"id": 102,
		"price": "0.40580000",
		"qty": "25.00000000",
		"quoteQty": "10.14500000",
		"time": 1662710405375,
		"isBuyerMaker": true,
		"isBestMatch": true
	},
	{
		"id": 103,
		"price": "0.41370000",
		"qty": "42.00000000",
		"quoteQty": "17.37540000",
		"time": 1662710405621,
		"isBuyerMaker": false,
		"isBestMatch": true
	},
	{
		"id": 104,
		"price": "0.41360000",
		"qty": "184.00000000",
		"quoteQty": "76.10240000",
		"time": 1662710405748,
		"isBuyerMaker": false,
		"isBestMatch": true
	},
	{
		"id": 105,
		"price": "0.41360000",
		"qty": "141.00000000",
		"quoteQty": "58.31760000",
		"time": 1662710405748,
		"isBuyerMaker": false,
		"isBestMatch": true
	},
	{
		"id": 106,
		"price": "0.41370000",
		"qty": "693.00000000",
		"quoteQty": "286.69410000",
		"time": 1662710405748,
		"isBuyerMaker": false,
		"isBestMatch": true
	},
	{
		"id": 107,
		"price": "0.41680000",
		"qty": "350.00000000",
		"quoteQty": "145.88000000",
		"time": 1662710405748,
		"isBuyerMaker": false,
		"isBestMatch": true
	},
	{
		"id": 108,
		"price": "0.41680000",
		"qty": "359.00000000",
		"quoteQty": "149.63120000",
		"time": 1662710406085,
		"isBuyerMaker": false,
		"isBestMatch": true
	},
	{
		"id": 109,
		"price": "0.41690000",
		"qty": "269.00000000",
		"quoteQty": "112.14610000",
		"time": 1662710406085,
		"isBuyerMaker": false,
		"isBestMatch": true
	},
	{
		"id": 110,
		"price": "0.41690000",
		"qty": "2531.00000000",
		"quoteQty": "1055.17390000",
		"time": 1662710406335,
		"isBuyerMaker": false,
		"isBestMatch": true
	},
	{
		"id": 111,
		"price": "0.40820000",
		"qty": "183.00000000",
		"quoteQty": "74.70060000",
		"time": 1662710406422,
		"isBuyerMaker": true,
		"isBestMatch": true
	},
	{
		"id": 112,
		"price": "0.40810000",
		"qty": "636.00000000",
		"quoteQty": "259.55160000",
		"time": 1662710406422,
		"isBuyerMaker": true,
		"isBestMatch": true
	},
	{
		"id": 113,
		"price": "0.40800000",
		"qty": "734.00000000",
		"quoteQty": "299.47200000",
		"time": 1662710406422,
		"isBuyerMaker": true,
		"isBestMatch": true
	},
	{
		"id": 114,
		"price": "0.40620000",
		"qty": "205.00000000",
		"quoteQty": "83.27100000",
		"time": 1662710406422,
		"isBuyerMaker": true,
		"isBestMatch": true
	},
	{
		"id": 115,
		"price": "0.40610000",
		"qty": "738.00000000",
		"quoteQty": "299.70180000",
		"time": 1662710406422,
		"isBuyerMaker": true,
		"isBestMatch": true
	},
	{
		"id": 116,
		"price": "0.40600000",
		"qty": "2595.00000000",
		"quoteQty": "1053.57000000",
		"time": 1662710406422,
		"isBuyerMaker": true,
		"isBestMatch": true
	},
	{
		"id": 117,
		"price": "0.40000000",
		"qty": "6749.00000000",
		"quoteQty": "2699.60000000",
		"time": 1662710406451,
		"isBuyerMaker": false,
		"isBestMatch": true
	},
	{
		"id": 118,
		"price": "0.40000000",
		"qty": "242.00000000",
		"quoteQty": "96.80000000",
		"time": 1662710406451,
		"isBuyerMaker": false,
		"isBestMatch": true
	},
	{
		"id": 119,
		"price": "0.40000000",
		"qty": "255.00000000",
		"quoteQty": "102.00000000",
		"time": 1662710406472,
		"isBuyerMaker": false,
		"isBestMatch": true
	},
	{
		"id": 120,
		"price": "0.39990000",
		"qty": "30.00000000",
		"quoteQty": "11.99700000",
		"time": 1662710406678,
		"isBuyerMaker": false,
		"isBestMatch": true
	},
	{
		"id": 121,
		"price": "0.39990000",
		"qty": "153.00000000",
		"quoteQty": "61.18470000",
		"time": 1662710406708,
		"isBuyerMaker": false,
		"isBestMatch": true
	},
	{
		"id": 122,
		"price": "0.40000000",
		"qty": "2194.00000000",
		"quoteQty": "877.60000000",
		"time": 1662710406708,
		"isBuyerMaker": false,
		"isBestMatch": true
	},
	{
		"id": 123,
		"price": "0.40000000",
		"qty": "248.00000000",
		"quoteQty": "99.20000000",
		"time": 1662710406858,
		"isBuyerMaker": false,
		"isBestMatch": true
	},
	{
		"id": 124,
		"price": "0.39990000",
		"qty": "247.00000000",
		"quoteQty": "98.77530000",
		"time": 1662710406875,
		"isBuyerMaker": false,
		"isBestMatch": true
	},
	{
		"id": 125,
		"price": "0.39990000",
		"qty": "487.00000000",
		"quoteQty": "194.75130000",
		"time": 1662710406895,
		"isBuyerMaker": false,
		"isBestMatch": true
	},
	{
		"id": 126,
		"price": "0.39990000",
		"qty": "4.00000000",
		"quoteQty": "1.59960000",
		"time": 1662710406957,
		"isBuyerMaker": false,
		"isBestMatch": true
	},
	{
		"id": 127,
		"price": "0.40000000",
		"qty": "1853.00000000",
		"quoteQty": "741.20000000",
		"time": 1662710406957,
		"isBuyerMaker": false,
		"isBestMatch": true
	},
	{
		"id": 128,
		"price": "0.40000000",
		"qty": "4381.00000000",
		"quoteQty": "1752.40000000",
		"time": 1662710407145,
		"isBuyerMaker": false,
		"isBestMatch": true
	},
	{
		"id": 129,
		"price": "0.40000000",
		"qty": "24.00000000",
		"quoteQty": "9.60000000",
		"time": 1662710407227,
		"isBuyerMaker": false,
		"isBestMatch": true
	},
	{
		"id": 130,
		"price": "0.39990000",
		"qty": "83.00000000",
		"quoteQty": "33.19170000",
		"time": 1662710407309,
		"isBuyerMaker": true,
		"isBestMatch": true
	},
	{
		"id": 131,
		"price": "0.40000000",
		"qty": "2284.00000000",
		"quoteQty": "913.60000000",
		"time": 1662710407351,
		"isBuyerMaker": false,
		"isBestMatch": true
	},
	{
		"id": 132,
		"price": "0.39990000",
		"qty": "667.00000000",
		"quoteQty": "266.73330000",
		"time": 1662710407358,
		"isBuyerMaker": true,
		"isBestMatch": true
	},
	{
		"id": 133,
		"price": "0.39980000",
		"qty": "1598.00000000",
		"quoteQty": "638.88040000",
		"time": 1662710407358,
		"isBuyerMaker": true,
		"isBestMatch": true
	},
	{
		"id": 134,
		"price": "0.40000000",
		"qty": "50.00000000",
		"quoteQty": "20.00000000",
		"time": 1662710407417,
		"isBuyerMaker": false,
		"isBestMatch": true
	},
	{
		"id": 135,
		"price": "0.40000000",
		"qty": "52.00000000",
		"quoteQty": "20.80000000",
		"time": 1662710407530,
		"isBuyerMaker": false,
		"isBestMatch": true
	},
	{
		"id": 136,
		"price": "0.39990000",
		"qty": "60.00000000",
		"quoteQty": "23.99400000",
		"time": 1662710407873,
		"isBuyerMaker": false,
		"isBestMatch": true
	},
	{
		"id": 137,
		"price": "0.39990000",
		"qty": "690.00000000",
		"quoteQty": "275.93100000",
		"time": 1662710407946,
		"isBuyerMaker": false,
		"isBestMatch": true
	},
	{
		"id": 138,
		"price": "0.40000000",
		"qty": "3060.00000000",
		"quoteQty": "1224.00000000",
		"time": 1662710407946,
		"isBuyerMaker": false,
		"isBestMatch": true
	},
	{
		"id": 139,
		"price": "0.39990000",
		"qty": "9520.00000000",
		"quoteQty": "3807.04800000",
		"time": 1662710408058,
		"isBuyerMaker": true,
		"isBestMatch": true
	},
	{
		"id": 140,
		"price": "0.39980000",
		"qty": "500.00000000",
		"quoteQty": "199.90000000",
		"time": 1662710408058,
		"isBuyerMaker": true,
		"isBestMatch": true
	},
	{
		"id": 141,
		"price": "0.39970000",
		"qty": "287.00000000",
		"quoteQty": "114.71390000",
		"time": 1662710408096,
		"isBuyerMaker": false,
		"isBestMatch": true
	},
	{
		"id": 142,
		"price": "0.39370000",
		"qty": "734.00000000",
		"quoteQty": "288.97580000",
		"time": 1662710408110,
		"isBuyerMaker": true,
		"isBestMatch": true
	},
	{
		"id": 143,
		"price": "0.39390000",
		"qty": "87.00000000",
		"quoteQty": "34.26930000",
		"time": 1662710408270,
		"isBuyerMaker": true,
		"isBestMatch": true
	},
	{
		"id": 144,
		"price": "0.39970000",
		"qty": "250.00000000",
		"quoteQty": "99.92500000",
		"time": 1662710408693,
		"isBuyerMaker": false,
		"isBestMatch": true
	},
	{
		"id": 145,
		"price": "0.39390000",
		"qty": "242.00000000",
		"quoteQty": "95.32380000",
		"time": 1662710408695,
		"isBuyerMaker": true,
		"isBestMatch": true
	},
	{
		"id": 146,
		"price": "0.39970000",
		"qty": "99.00000000",
		"quoteQty": "39.57030000",
		"time": 1662710408925,
		"isBuyerMaker": false,
		"isBestMatch": true
	},
	{
		"id": 147,
		"price": "0.39980000",
		"qty": "241.00000000",
		"quoteQty": "96.35180000",
		"time": 1662710408925,
		"isBuyerMaker": false,
		"isBestMatch": true
	},
	{
		"id": 148,
		"price": "0.39980000",
		"qty": "1419.00000000",
		"quoteQty": "567.31620000",
		"time": 1662710408944,
		"isBuyerMaker": false,
		"isBestMatch": true
	},
	{
		"id": 149,
		"price": "0.39980000",
		"qty": "1319.00000000",
		"quoteQty": "527.33620000",
		"time": 1662710409046,
		"isBuyerMaker": false,
		"isBestMatch": true
	},
	{
		"id": 150,
		"price": "0.39980000",
		"qty": "645.00000000",
		"quoteQty": "257.87100000",
		"time": 1662710409057,
		"isBuyerMaker": false,
		"isBestMatch": true
	},
	{
		"id": 151,
		"price": "0.39980000",
		"qty": "746.00000000",
		"quoteQty": "298.25080000",
		"time": 1662710409168,
		"isBuyerMaker": false,
		"isBestMatch": true
	},
	{
		"id": 152,
		"price": "0.39980000",
		"qty": "46.00000000",
		"quoteQty": "18.39080000",
		"time": 1662710409214,
		"isBuyerMaker": false,
		"isBestMatch": true
	},
	{
		"id": 153,
		"price": "0.39980000",
		"qty": "475.00000000",
		"quoteQty": "189.90500000",
		"time": 1662710409271,
		"isBuyerMaker": false,
		"isBestMatch": true
	},
	{
		"id": 154,
		"price": "0.39980000",
		"qty": "984.00000000",
		"quoteQty": "393.40320000",
		"time": 1662710409291,
		"isBuyerMaker": false,
		"isBestMatch": true
	},
	{
		"id": 155,
		"price": "0.39520000",
		"qty": "6892.00000000",
		"quoteQty": "2723.71840000",
		"time": 1662710409576,
		"isBuyerMaker": true,
		"isBestMatch": true
	},
	{
		"id": 156,
		"price": "0.39970000",
		"qty": "47.00000000",
		"quoteQty": "18.78590000",
		"time": 1662710409598,
		"isBuyerMaker": false,
		"isBestMatch": true
	},
	{
		"id": 157,
		"price": "0.39970000",
		"qty": "113.00000000",
		"quoteQty": "45.16610000",
		"time": 1662710409913,
		"isBuyerMaker": false,
		"isBestMatch": true
	},
	{
		"id": 158,
		"price": "0.39970000",
		"qty": "175.00000000",
		"quoteQty": "69.94750000",
		"time": 1662710410068,
		"isBuyerMaker": false,
		"isBestMatch": true
	},
	{
		"id": 159,
		"price": "0.39970000",
		"qty": "200.00000000",
		"quoteQty": "79.94000000",
		"time": 1662710410425,
		"isBuyerMaker": false,
		"isBestMatch": true
	},
	{
		"id": 160,
		"price": "0.39570000",
		"qty": "247.00000000",
		"quoteQty": "97.73790000",
		"time": 1662710410451,
		"isBuyerMaker": true,
		"isBestMatch": true
	},
	{
		"id": 161,
		"price": "0.39580000",
		"qty": "248.00000000",
		"quoteQty": "98.15840000",
		"time": 1662710410469,
		"isBuyerMaker": true,
		"isBestMatch": true
	},
	{
		"id": 162,
		"price": "0.39970000",
		"qty": "114.00000000",
		"quoteQty": "45.56580000",
		"time": 1662710410808,
		"isBuyerMaker": false,
		"isBestMatch": true
	},
	{
		"id": 163,
		"price": "0.39970000",
		"qty": "4800.00000000",
		"quoteQty": "1918.56000000",
		"time": 1662710410898,
		"isBuyerMaker": false,
		"isBestMatch": true
	},
	{
		"id": 164,
		"price": "0.39980000",
		"qty": "6713.00000000",
		"quoteQty": "2683.85740000",
		"time": 1662710410898,
		"isBuyerMaker": false,
		"isBestMatch": true
	},
	{
		"id": 165,
		"price": "0.40000000",
		"qty": "1865.00000000",
		"quoteQty": "746.00000000",
		"time": 1662710410898,
		"isBuyerMaker": false,
		"isBestMatch": true
	},
	{
		"id": 166,
		"price": "0.40000000",
		"qty": "85.00000000",
		"quoteQty": "34.00000000",
		"time": 1662710410962,
		"isBuyerMaker": false,
		"isBestMatch": true
	},
	{
		"id": 167,
		"price": "0.39670000",
		"qty": "626.00000000",
		"quoteQty": "248.33420000",
		"time": 1662710411120,
		"isBuyerMaker": true,
		"isBestMatch": true
	},
	{
		"id": 168,
		"price": "0.39670000",
		"qty": "262.00000000",
		"quoteQty": "103.93540000",
		"time": 1662710411120,
		"isBuyerMaker": true,
		"isBestMatch": true
	},
	{
		"id": 169,
		"price": "0.39990000",
		"qty": "651.00000000",
		"quoteQty": "260.33490000",
		"time": 1662710411181,
		"isBuyerMaker": false,
		"isBestMatch": true
	},
	{
		"id": 170,
		"price": "0.40000000",
		"qty": "1890.00000000",
		"quoteQty": "756.00000000",
		"time": 1662710411181,
		"isBuyerMaker": false,
		"isBestMatch": true
	},
	{
		"id": 171,
		"price": "0.40000000",
		"qty": "35.00000000",
		"quoteQty": "14.00000000",
		"time": 1662710411338,
		"isBuyerMaker": false,
		"isBestMatch": true
	},
	{
		"id": 172,
		"price": "0.39990000",
		"qty": "125.00000000",
		"quoteQty": "49.98750000",
		"time": 1662710411533,
		"isBuyerMaker": false,
		"isBestMatch": true
	},
	{
		"id": 173,
		"price": "0.39990000",
		"qty": "60.00000000",
		"quoteQty": "23.99400000",
		"time": 1662710411836,
		"isBuyerMaker": false,
		"isBestMatch": true
	},
	{
		"id": 174,
		"price": "0.39990000",
		"qty": "35.00000000",
		"quoteQty": "13.99650000",
		"time": 1662710411856,
		"isBuyerMaker": false,
		"isBestMatch": true
	},
	{
		"id": 175,
		"price": "0.39990000",
		"qty": "36.00000000",
		"quoteQty": "14.39640000",
		"time": 1662710412212,
		"isBuyerMaker": false,
		"isBestMatch": true
	},
	{
		"id": 176,
		"price": "0.39970000",
		"qty": "1256.00000000",
		"quoteQty": "502.02320000",
		"time": 1662710412572,
		"isBuyerMaker": true,
		"isBestMatch": true
	},
	{
		"id": 177,
		"price": "0.39970000",
		"qty": "470.00000000",
		"quoteQty": "187.85900000",
		"time": 1662710412657,
		"isBuyerMaker": true,
		"isBestMatch": true
	},
	{
		"id": 178,
		"price": "0.39970000",
		"qty": "205.00000000",
		"quoteQty": "81.93850000",
		"time": 1662710412888,
		"isBuyerMaker": true,
		"isBestMatch": true
	},
	{
		"id": 179,
		"price": "0.40000000",
		"qty": "63.00000000",
		"quoteQty": "25.20000000",
		"time": 1662710412980,
		"isBuyerMaker": false,
		"isBestMatch": true
	},
	{
		"id": 180,
		"price": "0.40000000",
		"qty": "205.00000000",
		"quoteQty": "82.00000000",
		"time": 1662710413000,
		"isBuyerMaker": false,
		"isBestMatch": true
	},
	{
		"id": 181,
		"price": "0.40000000",
		"qty": "187.00000000",
		"quoteQty": "74.80000000",
		"time": 1662710413086,
		"isBuyerMaker": false,
		"isBestMatch": true
	},
	{
		"id": 182,
		"price": "0.39990000",
		"qty": "534.00000000",
		"quoteQty": "213.54660000",
		"time": 1662710413150,
		"isBuyerMaker": true,
		"isBestMatch": true
	},
	{
		"id": 183,
		"price": "0.40000000",
		"qty": "38.00000000",
		"quoteQty": "15.20000000",
		"time": 1662710413242,
		"isBuyerMaker": false,
		"isBestMatch": true
	},
	{
		"id": 184,
		"price": "0.39990000",
		"qty": "1365.00000000",
		"quoteQty": "545.86350000",
		"time": 1662710413406,
		"isBuyerMaker": true,
		"isBestMatch": true
	},
	{
		"id": 185,
		"price": "0.39970000",
		"qty": "153.00000000",
		"quoteQty": "61.15410000",
		"time": 1662710413406,
		"isBuyerMaker": true,
		"isBestMatch": true
	},
	{
		"id": 186,
		"price": "0.39230000",
		"qty": "187.00000000",
		"quoteQty": "73.36010000",
		"time": 1662710413406,
		"isBuyerMaker": true,
		"isBestMatch": true
	},
	{
		"id": 187,
		"price": "0.39230000",
		"qty": "764.00000000",
		"quoteQty": "299.71720000",
		"time": 1662710413406,
		"isBuyerMaker": true,
		"isBestMatch": true
	},
	{
		"id": 188,
		"price": "0.39220000",
		"qty": "10719.00000000",
		"quoteQty": "4203.99180000",
		"time": 1662710413406,
		"isBuyerMaker": true,
		"isBestMatch": true
	},
	{
		"id": 189,
		"price": "0.39190000",
		"qty": "189.00000000",
		"quoteQty": "74.06910000",
		"time": 1662710413406,
		"isBuyerMaker": true,
		"isBestMatch": true
	},
	{
		"id": 190,
		"price": "0.38820000",
		"qty": "5804.00000000",
		"quoteQty": "2253.11280000",
		"time": 1662710413406,
		"isBuyerMaker": true,
		"isBestMatch": true
	},
	{
		"id": 191,
		"price": "0.38790000",
		"qty": "191.00000000",
		"quoteQty": "74.08890000",
		"time": 1662710413406,
		"isBuyerMaker": true,
		"isBestMatch": true
	},
	{
		"id": 192,
		"price": "0.38610000",
		"qty": "1308.00000000",
		"quoteQty": "505.01880000",
		"time": 1662710413408,
		"isBuyerMaker": false,
		"isBestMatch": true
	},
	{
		"id": 193,
		"price": "0.38610000",
		"qty": "257.00000000",
		"quoteQty": "99.22770000",
		"time": 1662710413422,
		"isBuyerMaker": false,
		"isBestMatch": true
	},
	{
		"id": 194,
		"price": "0.38610000",
		"qty": "1222.00000000",
		"quoteQty": "471.81420000",
		"time": 1662710413521,
		"isBuyerMaker": false,
		"isBestMatch": true
	},
	{
		"id": 195,
		"price": "0.38610000",
		"qty": "50.00000000",
		"quoteQty": "19.30500000",
		"time": 1662710413775,
		"isBuyerMaker": false,
		"isBestMatch": true
	},
	{
		"id": 196,
		"price": "0.38610000",
		"qty": "8591.00000000",
		"quoteQty": "3316.98510000",
		"time": 1662710414173,
		"isBuyerMaker": false,
		"isBestMatch": true
	},
	{
		"id": 197,
		"price": "0.38610000",
		"qty": "764.00000000",
		"quoteQty": "294.98040000",
		"time": 1662710414173,
		"isBuyerMaker": false,
		"isBestMatch": true
	},
	{
		"id": 198,
		"price": "0.38610000",
		"qty": "187.00000000",
		"quoteQty": "72.20070000",
		"time": 1662710414173,
		"isBuyerMaker": false,
		"isBestMatch": true
	},
	{
		"id": 199,
		"price": "0.38990000",
		"qty": "255.00000000",
		"quoteQty": "99.42450000",
		"time": 1662710414186,
		"isBuyerMaker": false,
		"isBestMatch": true
	},
	{
		"id": 200,
		"price": "0.38990000",
		"qty": "2.00000000",
		"quoteQty": "0.77980000",
		"time": 1662710414187,
		"isBuyerMaker": false,
		"isBestMatch": true
	},
	{
		"id": 201,
		"price": "0.39370000",
		"qty": "205.00000000",
		"quoteQty": "80.70850000",
		"time": 1662710414205,
		"isBuyerMaker": false,
		"isBestMatch": true
	},
	{
		"id": 202,
		"price": "0.39560000",
		"qty": "191.00000000",
		"quoteQty": "75.55960000",
		"time": 1662710414205,
		"isBuyerMaker": false,
		"isBestMatch": true
	},
	{
		"id": 203,
		"price": "0.39900000",
		"qty": "66.00000000",
		"quoteQty": "26.33400000",
		"time": 1662710414205,
		"isBuyerMaker": false,
		"isBestMatch": true
	},
	{
		"id": 204,
		"price": "0.38800000",
		"qty": "130.00000000",
		"quoteQty": "50.44000000",
		"time": 1662710414246,
		"isBuyerMaker": false,
		"isBestMatch": true
	},
	{
		"id": 205,
		"price": "0.38800000",
		"qty": "1.00000000",
		"quoteQty": "0.38800000",
		"time": 1662710414246,
		"isBuyerMaker": false,
		"isBestMatch": true
	},
	{
		"id": 206,
		"price": "0.38800000",
		"qty": "61.00000000",
		"quoteQty": "23.66800000",
		"time": 1662710414246,
		"isBuyerMaker": false,
		"isBestMatch": true
	},
	{
		"id": 207,
		"price": "0.38800000",
		"qty": "70.00000000",
		"quoteQty": "27.16000000",
		"time": 1662710414416,
		"isBuyerMaker": false,
		"isBestMatch": true
	},
	{
		"id": 208,
		"price": "0.38800000",
		"qty": "131.00000000",
		"quoteQty": "50.82800000",
		"time": 1662710414416,
		"isBuyerMaker": false,
		"isBestMatch": true
	},
	{
		"id": 209,
		"price": "0.38800000",
		"qty": "131.00000000",
		"quoteQty": "50.82800000",
		"time": 1662710414416,
		"isBuyerMaker": false,
		"isBestMatch": true
	},
	{
		"id": 210,
		"price": "0.38800000",
		"qty": "131.00000000",
		"quoteQty": "50.82800000",
		"time": 1662710414416,
		"isBuyerMaker": false,
		"isBestMatch": true
	},
	{
		"id": 211,
		"price": "0.38800000",
		"qty": "131.00000000",
		"quoteQty": "50.82800000",
		"time": 1662710414416,
		"isBuyerMaker": false,
		"isBestMatch": true
	},
	{
		"id": 212,
		"price": "0.38800000",
		"qty": "131.00000000",
		"quoteQty": "50.82800000",
		"time": 1662710414416,
		"isBuyerMaker": false,
		"isBestMatch": true
	},
	{
		"id": 213,
		"price": "0.38800000",
		"qty": "131.00000000",
		"quoteQty": "50.82800000",
		"time": 1662710414416,
		"isBuyerMaker": false,
		"isBestMatch": true
	},
	{
		"id": 214,
		"price": "0.38800000",
		"qty": "131.00000000",
		"quoteQty": "50.82800000",
		"time": 1662710414416,
		"isBuyerMaker": false,
		"isBestMatch": true
	},
	{
		"id": 215,
		"price": "0.38800000",
		"qty": "129.00000000",
		"quoteQty": "50.05200000",
		"time": 1662710414416,
		"isBuyerMaker": false,
		"isBestMatch": true
	},
	{
		"id": 216,
		"price": "0.39900000",
		"qty": "123.00000000",
		"quoteQty": "49.07700000",
		"time": 1662710414416,
		"isBuyerMaker": false,
		"isBestMatch": true
	},
	{
		"id": 217,
		"price": "0.40000000",
		"qty": "1623.00000000",
		"quoteQty": "649.20000000",
		"time": 1662710414416,
		"isBuyerMaker": false,
		"isBestMatch": true
	},
	{
		"id": 218,
		"price": "0.41360000",
		"qty": "1143.00000000",
		"quoteQty": "472.74480000",
		"time": 1662710414416,
		"isBuyerMaker": false,
		"isBestMatch": true
	},
	{
		"id": 219,
		"price": "0.42310000",
		"qty": "3299.00000000",
		"quoteQty": "1395.80690000",
		"time": 1662710414416,
		"isBuyerMaker": false,
		"isBestMatch": true
	},
	{
		"id": 220,
		"price": "0.40020000",
		"qty": "644.00000000",
		"quoteQty": "257.72880000",
		"time": 1662710414602,
		"isBuyerMaker": true,
		"isBestMatch": true
	},
	{
		"id": 221,
		"price": "0.40020000",
		"qty": "8.00000000",
		"quoteQty": "3.20160000",
		"time": 1662710414612,
		"isBuyerMaker": true,
		"isBestMatch": true
	},
	{
		"id": 222,
		"price": "0.40010000",
		"qty": "248.00000000",
		"quoteQty": "99.22480000",
		"time": 1662710414612,
		"isBuyerMaker": true,
		"isBestMatch": true
	},
	{
		"id": 223,
		"price": "0.40030000",
		"qty": "181.00000000",
		"quoteQty": "72.45430000",
		"time": 1662710414640,
		"isBuyerMaker": true,
		"isBestMatch": true
	},
	{
		"id": 224,
		"price": "0.40010000",
		"qty": "208.00000000",
		"quoteQty": "83.22080000",
		"time": 1662710414640,
		"isBuyerMaker": true,
		"isBestMatch": true
	},
	{
		"id": 225,
		"price": "0.40040000",
		"qty": "142.00000000",
		"quoteQty": "56.85680000",
		"time": 1662710414751,
		"isBuyerMaker": true,
		"isBestMatch": true
	},
	{
		"id": 226,
		"price": "0.40040000",
		"qty": "213.00000000",
		"quoteQty": "85.28520000",
		"time": 1662710414753,
		"isBuyerMaker": true,
		"isBestMatch": true
	},
	{
		"id": 227,
		"price": "0.42250000",
		"qty": "25.00000000",
		"quoteQty": "10.56250000",
		"time": 1662710414786,
		"isBuyerMaker": false,
		"isBestMatch": true
	},
	{
		"id": 228,
		"price": "0.40050000",
		"qty": "646.00000000",
		"quoteQty": "258.72300000",
		"time": 1662710414860,
		"isBuyerMaker": true,
		"isBestMatch": true
	},
	{
		"id": 229,
		"price": "0.40040000",
		"qty": "267.00000000",
		"quoteQty": "106.90680000",
		"time": 1662710414860,
		"isBuyerMaker": true,
		"isBestMatch": true
	},
	{
		"id": 230,
		"price": "0.40030000",
		"qty": "203.00000000",
		"quoteQty": "81.26090000",
		"time": 1662710414860,
		"isBuyerMaker": true,
		"isBestMatch": true
	},
	{
		"id": 231,
		"price": "0.40030000",
		"qty": "631.00000000",
		"quoteQty": "252.58930000",
		"time": 1662710414860,
		"isBuyerMaker": true,
		"isBestMatch": true
	},
	{
		"id": 232,
		"price": "0.40000000",
		"qty": "100.00000000",
		"quoteQty": "40.00000000",
		"time": 1662710414860,
		"isBuyerMaker": true,
		"isBestMatch": true
	},
	{
		"id": 233,
		"price": "0.39980000",
		"qty": "257.00000000",
		"quoteQty": "102.74860000",
		"time": 1662710414860,
		"isBuyerMaker": true,
		"isBestMatch": true
	},
	{
		"id": 234,
		"price": "0.42230000",
		"qty": "646.00000000",
		"quoteQty": "272.80580000",
		"time": 1662710414896,
		"isBuyerMaker": false,
		"isBestMatch": true
	},
	{
		"id": 235,
		"price": "0.42240000",
		"qty": "631.00000000",
		"quoteQty": "266.53440000",
		"time": 1662710414896,
		"isBuyerMaker": false,
		"isBestMatch": true
	},
	{
		"id": 236,
		"price": "0.42240000",
		"qty": "267.00000000",
		"quoteQty": "112.78080000",
		"time": 1662710414896,
		"isBuyerMaker": false,
		"isBestMatch": true
	},
	{
		"id": 237,
		"price": "0.42250000",
		"qty": "223.00000000",
		"quoteQty": "94.21750000",
		"time": 1662710414896,
		"isBuyerMaker": false,
		"isBestMatch": true
	},
	{
		"id": 238,
		"price": "0.42250000",
		"qty": "208.00000000",
		"quoteQty": "87.88000000",
		"time": 1662710414896,
		"isBuyerMaker": false,
		"isBestMatch": true
	},
	{
		"id": 239,
		"price": "0.42250000",
		"qty": "658.00000000",
		"quoteQty": "278.00500000",
		"time": 1662710414896,
		"isBuyerMaker": false,
		"isBestMatch": true
	},
	{
		"id": 240,
		"price": "0.42270000",
		"qty": "181.00000000",
		"quoteQty": "76.50870000",
		"time": 1662710414896,
		"isBuyerMaker": false,
		"isBestMatch": true
	},
	{
		"id": 241,
		"price": "0.42270000",
		"qty": "142.00000000",
		"quoteQty": "60.02340000",
		"time": 1662710414896,
		"isBuyerMaker": false,
		"isBestMatch": true
	},
	{
		"id": 242,
		"price": "0.42270000",
		"qty": "213.00000000",
		"quoteQty": "90.03510000",
		"time": 1662710414896,
		"isBuyerMaker": false,
		"isBestMatch": true
	},
	{
		"id": 243,
		"price": "0.42310000",
		"qty": "2741.00000000",
		"quoteQty": "1159.71710000",
		"time": 1662710414896,
		"isBuyerMaker": false,
		"isBestMatch": true
	},
	{
		"id": 244,
		"price": "0.40000000",
		"qty": "366.00000000",
		"quoteQty": "146.40000000",
		"time": 1662710414917,
		"isBuyerMaker": true,
		"isBestMatch": true
	},
	{
		"id": 245,
		"price": "0.39980000",
		"qty": "1498.00000000",
		"quoteQty": "598.90040000",
		"time": 1662710414917,
		"isBuyerMaker": true,
		"isBestMatch": true
	},
	{
		"id": 246,
		"price": "0.40020000",
		"qty": "142.00000000",
		"quoteQty": "56.82840000",
		"time": 1662710415160,
		"isBuyerMaker": true,
		"isBestMatch": true
	},
	{
		"id": 247,
		"price": "0.42230000",
		"qty": "48.00000000",
		"quoteQty": "20.27040000",
		"time": 1662710415203,
		"isBuyerMaker": false,
		"isBestMatch": true
	},
	{
		"id": 248,
		"price": "0.40020000",
		"qty": "171.00000000",
		"quoteQty": "68.43420000",
		"time": 1662710415289,
		"isBuyerMaker": true,
		"isBestMatch": true
	},
	{
		"id": 249,
		"price": "0.40450000",
		"qty": "357.00000000",
		"quoteQty": "144.40650000",
		"time": 1662710415382,
		"isBuyerMaker": true,
		"isBestMatch": true
	},
	{
		"id": 250,
		"price": "0.40460000",
		"qty": "604.00000000",
		"quoteQty": "244.37840000",
		"time": 1662710415463,
		"isBuyerMaker": true,
		"isBestMatch": true
	},
	{
		"id": 251,
		"price": "0.40460000",
		"qty": "606.00000000",
		"quoteQty": "245.18760000",
		"time": 1662710415463,
		"isBuyerMaker": true,
		"isBestMatch": true
	},
	{
		"id": 252,
		"price": "0.40460000",
		"qty": "579.00000000",
		"quoteQty": "234.26340000",
		"time": 1662710415463,
		"isBuyerMaker": true,
		"isBestMatch": true
	},
	{
		"id": 253,
		"price": "0.40450000",
		"qty": "383.00000000",
		"quoteQty": "154.92350000",
		"time": 1662710415463,
		"isBuyerMaker": true,
		"isBestMatch": true
	},
	{
		"id": 254,
		"price": "0.40020000",
		"qty": "676.00000000",
		"quoteQty": "270.53520000",
		"time": 1662710415463,
		"isBuyerMaker": true,
		"isBestMatch": true
	},
	{
		"id": 255,
		"price": "0.40020000",
		"qty": "749.00000000",
		"quoteQty": "299.74980000",
		"time": 1662710415463,
		"isBuyerMaker": true,
		"isBestMatch": true
	},
	{
		"id": 256,
		"price": "0.40000000",
		"qty": "661.00000000",
		"quoteQty": "264.40000000",
		"time": 1662710415463,
		"isBuyerMaker": true,
		"isBestMatch": true
	},
	{
		"id": 257,
		"price": "0.39980000",
		"qty": "746.00000000",
		"quoteQty": "298.25080000",
		"time": 1662710415463,
		"isBuyerMaker": true,
		"isBestMatch": true
	},
	{
		"id": 258,
		"price": "0.39980000",
		"qty": "890.00000000",
		"quoteQty": "355.82200000",
		"time": 1662710415463,
		"isBuyerMaker": true,
		"isBestMatch": true
	},
	{
		"id": 259,
		"price": "0.39970000",
		"qty": "27.00000000",
		"quoteQty": "10.79190000",
		"time": 1662710415463,
		"isBuyerMaker": true,
		"isBestMatch": true
	},
	{
		"id": 260,
		"price": "0.39970000",
		"qty": "905.00000000",
		"quoteQty": "361.72850000",
		"time": 1662710415463,
		"isBuyerMaker": true,
		"isBestMatch": true
	},
	{
		"id": 261,
		"price": "0.39760000",
		"qty": "275.00000000",
		"quoteQty": "109.34000000",
		"time": 1662710415512,
		"isBuyerMaker": false,
		"isBestMatch": true
	},
	{
		"id": 262,
		"price": "0.39470000",
		"qty": "2572.00000000",
		"quoteQty": "1015.16840000",
		"time": 1662710415580,
		"isBuyerMaker": true,
		"isBestMatch": true
	},
	{
		"id": 263,
		"price": "0.39760000",
		"qty": "38.00000000",
		"quoteQty": "15.10880000",
		"time": 1662710415814,
		"isBuyerMaker": false,
		"isBestMatch": true
	},
	{
		"id": 264,
		"price": "0.39760000",
		"qty": "223.00000000",
		"quoteQty": "88.66480000",
		"time": 1662710415814,
		"isBuyerMaker": false,
		"isBestMatch": true
	},
	{
		"id": 265,
		"price": "0.39760000",
		"qty": "115.00000000",
		"quoteQty": "45.72400000",
		"time": 1662710415881,
		"isBuyerMaker": false,
		"isBestMatch": true
	},
	{
		"id": 266,
		"price": "0.39760000",
		"qty": "118.00000000",
		"quoteQty": "46.91680000",
		"time": 1662710416217,
		"isBuyerMaker": false,
		"isBestMatch": true
	},
	{
		"id": 267,
		"price": "0.39760000",
		"qty": "148.00000000",
		"quoteQty": "58.84480000",
		"time": 1662710416324,
		"isBuyerMaker": false,
		"isBestMatch": true
	},
	{
		"id": 268,
		"price": "0.39760000",
		"qty": "579.00000000",
		"quoteQty": "230.21040000",
		"time": 1662710416324,
		"isBuyerMaker": false,
		"isBestMatch": true
	},
	{
		"id": 269,
		"price": "0.39760000",
		"qty": "606.00000000",
		"quoteQty": "240.94560000",
		"time": 1662710416324,
		"isBuyerMaker": false,
		"isBestMatch": true
	},
	{
		"id": 270,
		"price": "0.39760000",
		"qty": "749.00000000",
		"quoteQty": "297.80240000",
		"time": 1662710416324,
		"isBuyerMaker": false,
		"isBestMatch": true
	},
	{
		"id": 271,
		"price": "0.39770000",
		"qty": "955.00000000",
		"quoteQty": "379.80350000",
		"time": 1662710416324,
		"isBuyerMaker": false,
		"isBestMatch": true
	},
	{
		"id": 272,
		"price": "0.39770000",
		"qty": "955.00000000",
		"quoteQty": "379.80350000",
		"time": 1662710416324,
		"isBuyerMaker": false,
		"isBestMatch": true
	},
	{
		"id": 273,
		"price": "0.39770000",
		"qty": "806.00000000",
		"quoteQty": "320.54620000",
		"time": 1662710416324,
		"isBuyerMaker": false,
		"isBestMatch": true
	},
	{
		"id": 274,
		"price": "0.41350000",
		"qty": "155.00000000",
		"quoteQty": "64.09250000",
		"time": 1662710416324,
		"isBuyerMaker": false,
		"isBestMatch": true
	},
	{
		"id": 275,
		"price": "0.41360000",
		"qty": "275.00000000",
		"quoteQty": "113.74000000",
		"time": 1662710416324,
		"isBuyerMaker": false,
		"isBestMatch": true
	},
	{
		"id": 276,
		"price": "0.41490000",
		"qty": "740.00000000",
		"quoteQty": "307.02600000",
		"time": 1662710416324,
		"isBuyerMaker": false,
		"isBestMatch": true
	},
	{
		"id": 277,
		"price": "0.42300000",
		"qty": "653.00000000",
		"quoteQty": "276.21900000",
		"time": 1662710416324,
		"isBuyerMaker": false,
		"isBestMatch": true
	},
	{
		"id": 278,
		"price": "0.42290000",
		"qty": "70.00000000",
		"quoteQty": "29.60300000",
		"time": 1662710416657,
		"isBuyerMaker": false,
		"isBestMatch": true
	},
	{
		"id": 279,
		"price": "0.42300000",
		"qty": "23.00000000",
		"quoteQty": "9.72900000",
		"time": 1662710416657,
		"isBuyerMaker": false,
		"isBestMatch": true
	},
	{
		"id": 280,
		"price": "0.42300000",
		"qty": "317.00000000",
		"quoteQty": "134.09100000",
		"time": 1662710416657,
		"isBuyerMaker": false,
		"isBestMatch": true
	},
	{
		"id": 281,
		"price": "0.39980000",
		"qty": "98.00000000",
		"quoteQty": "39.18040000",
		"time": 1662710416710,
		"isBuyerMaker": true,
		"isBestMatch": true
	},
	{
		"id": 282,
		"price": "0.40000000",
		"qty": "52.00000000",
		"quoteQty": "20.80000000",
		"time": 1662710416762,
		"isBuyerMaker": true,
		"isBestMatch": true
	},
	{
		"id": 283,
		"price": "0.40660000",
		"qty": "430.00000000",
		"quoteQty": "174.83800000",
		"time": 1662710416901,
		"isBuyerMaker": true,
		"isBestMatch": true
	},
	{
		"id": 284,
		"price": "0.42300000",
		"qty": "47.00000000",
		"quoteQty": "19.88100000",
		"time": 1662710417044,
		"isBuyerMaker": false,
		"isBestMatch": true
	},
	{
		"id": 285,
		"price": "0.42300000",
		"qty": "297.00000000",
		"quoteQty": "125.63100000",
		"time": 1662710417268,
		"isBuyerMaker": false,
		"isBestMatch": true
	},
	{
		"id": 286,
		"price": "0.42310000",
		"qty": "1211.00000000",
		"quoteQty": "512.37410000",
		"time": 1662710417268,
		"isBuyerMaker": false,
		"isBestMatch": true
	},
	{
		"id": 287,
		"price": "0.40810000",
		"qty": "186.00000000",
		"quoteQty": "75.90660000",
		"time": 1662710417353,
		"isBuyerMaker": true,
		"isBestMatch": true
	},
	{
		"id": 288,
		"price": "0.40810000",
		"qty": "206.00000000",
		"quoteQty": "84.06860000",
		"time": 1662710417353,
		"isBuyerMaker": true,
		"isBestMatch": true
	},
	{
		"id": 289,
		"price": "0.40800000",
		"qty": "623.00000000",
		"quoteQty": "254.18400000",
		"time": 1662710417353,
		"isBuyerMaker": true,
		"isBestMatch": true
	},
	{
		"id": 290,
		"price": "0.40790000",
		"qty": "313.00000000",
		"quoteQty": "127.67270000",
		"time": 1662710417353,
		"isBuyerMaker": true,
		"isBestMatch": true
	},
	{
		"id": 291,
		"price": "0.40790000",
		"qty": "28.00000000",
		"quoteQty": "11.42120000",
		"time": 1662710417353,
		"isBuyerMaker": true,
		"isBestMatch": true
	},
	{
		"id": 292,
		"price": "0.42300000",
		"qty": "151.00000000",
		"quoteQty": "63.87300000",
		"time": 1662710417362,
		"isBuyerMaker": false,
		"isBestMatch": true
	},
	{
		"id": 293,
		"price": "0.40790000",
		"qty": "257.00000000",
		"quoteQty": "104.83030000",
		"time": 1662710417406,
		"isBuyerMaker": true,
		"isBestMatch": true
	},
	{
		"id": 294,
		"price": "0.40800000",
		"qty": "589.00000000",
		"quoteQty": "240.31200000",
		"time": 1662710417529,
		"isBuyerMaker": true,
		"isBestMatch": true
	},
	{
		"id": 295,
		"price": "0.40800000",
		"qty": "683.00000000",
		"quoteQty": "278.66400000",
		"time": 1662710417529,
		"isBuyerMaker": true,
		"isBestMatch": true
	},
	{
		"id": 296,
		"price": "0.40800000",
		"qty": "670.00000000",
		"quoteQty": "273.36000000",
		"time": 1662710417529,
		"isBuyerMaker": true,
		"isBestMatch": true
	},
	{
		"id": 297,
		"price": "0.40790000",
		"qty": "313.00000000",
		"quoteQty": "127.67270000",
		"time": 1662710417529,
		"isBuyerMaker": true,
		"isBestMatch": true
	},
	{
		"id": 298,
		"price": "0.40790000",
		"qty": "45.00000000",
		"quoteQty": "18.35550000",
		"time": 1662710417529,
		"isBuyerMaker": true,
		"isBestMatch": true
	},
	{
		"id": 299,
		"price": "0.40800000",
		"qty": "666.00000000",
		"quoteQty": "271.72800000",
		"time": 1662710417749,
		"isBuyerMaker": true,
		"isBestMatch": true
	},
	{
		"id": 300,
		"price": "0.40790000",
		"qty": "32.00000000",
		"quoteQty": "13.05280000",
		"time": 1662710417749,
		"isBuyerMaker": true,
		"isBestMatch": true
	},
	{
		"id": 301,
		"price": "0.40790000",
		"qty": "32.00000000",
		"quoteQty": "13.05280000",
		"time": 1662710417749,
		"isBuyerMaker": true,
		"isBestMatch": true
	},
	{
		"id": 302,
		"price": "0.40790000",
		"qty": "32.00000000",
		"quoteQty": "13.05280000",
		"time": 1662710417749,
		"isBuyerMaker": true,
		"isBestMatch": true
	},
	{
		"id": 303,
		"price": "0.40790000",
		"qty": "32.00000000",
		"quoteQty": "13.05280000",
		"time": 1662710417749,
		"isBuyerMaker": true,
		"isBestMatch": true
	},
	{
		"id": 304,
		"price": "0.40790000",
		"qty": "32.00000000",
		"quoteQty": "13.05280000",
		"time": 1662710417749,
		"isBuyerMaker": true,
		"isBestMatch": true
	},
	{
		"id": 305,
		"price": "0.40790000",
		"qty": "32.00000000",
		"quoteQty": "13.05280000",
		"time": 1662710417749,
		"isBuyerMaker": true,
		"isBestMatch": true
	},
	{
		"id": 306,
		"price": "0.40790000",
		"qty": "32.00000000",
		"quoteQty": "13.05280000",
		"time": 1662710417749,
		"isBuyerMaker": true,
		"isBestMatch": true
	},
	{
		"id": 307,
		"price": "0.40790000",
		"qty": "32.00000000",
		"quoteQty": "13.05280000",
		"time": 1662710417749,
		"isBuyerMaker": true,
		"isBestMatch": true
	},
	{
		"id": 308,
		"price": "0.40790000",
		"qty": "32.00000000",
		"quoteQty": "13.05280000",
		"time": 1662710417749,
		"isBuyerMaker": true,
		"isBestMatch": true
	},
	{
		"id": 309,
		"price": "0.40790000",
		"qty": "25.00000000",
		"quoteQty": "10.19750000",
		"time": 1662710417749,
		"isBuyerMaker": true,
		"isBestMatch": true
	},
	{
		"id": 310,
		"price": "0.40680000",
		"qty": "272.00000000",
		"quoteQty": "110.64960000",
		"time": 1662710417749,
		"isBuyerMaker": true,
		"isBestMatch": true
	},
	{
		"id": 311,
		"price": "0.40660000",
		"qty": "32.00000000",
		"quoteQty": "13.01120000",
		"time": 1662710417749,
		"isBuyerMaker": true,
		"isBestMatch": true
	},
	{
		"id": 312,
		"price": "0.40660000",
		"qty": "32.00000000",
		"quoteQty": "13.01120000",
		"time": 1662710417749,
		"isBuyerMaker": true,
		"isBestMatch": true
	},
	{
		"id": 313,
		"price": "0.40660000",
		"qty": "32.00000000",
		"quoteQty": "13.01120000",
		"time": 1662710417749,
		"isBuyerMaker": true,
		"isBestMatch": true
	},
	{
		"id": 314,
		"price": "0.40660000",
		"qty": "27.00000000",
		"quoteQty": "10.97820000",
		"time": 1662710417749,
		"isBuyerMaker": true,
		"isBestMatch": true
	},
	{
		"id": 315,
		"price": "0.40660000",
		"qty": "32.00000000",
		"quoteQty": "13.01120000",
		"time": 1662710417749,
		"isBuyerMaker": true,
		"isBestMatch": true
	},
	{
		"id": 316,
		"price": "0.40660000",
		"qty": "3.00000000",
		"quoteQty": "1.21980000",
		"time": 1662710417749,
		"isBuyerMaker": true,
		"isBestMatch": true
	},
	{
		"id": 317,
		"price": "0.40670000",
		"qty": "388.00000000",
		"quoteQty": "157.79960000",
		"time": 1662710417832,
		"isBuyerMaker": true,
		"isBestMatch": true
	},
	{
		"id": 318,
		"price": "0.40670000",
		"qty": "30.00000000",
		"quoteQty": "12.20100000",
		"time": 1662710418065,
		"isBuyerMaker": true,
		"isBestMatch": true
	},
	{
		"id": 319,
		"price": "0.40670000",
		"qty": "206.00000000",
		"quoteQty": "83.78020000",
		"time": 1662710418080,
		"isBuyerMaker": true,
		"isBestMatch": true
	},
	{
		"id": 320,
		"price": "0.40670000",
		"qty": "332.00000000",
		"quoteQty": "135.02440000",
		"time": 1662710418092,
		"isBuyerMaker": true,
		"isBestMatch": true
	},
	{
		"id": 321,
		"price": "0.40660000",
		"qty": "616.00000000",
		"quoteQty": "250.46560000",
		"time": 1662710418092,
		"isBuyerMaker": true,
		"isBestMatch": true
	},
	{
		"id": 322,
		"price": "0.40650000",
		"qty": "312.00000000",
		"quoteQty": "126.82800000",
		"time": 1662710418092,
		"isBuyerMaker": true,
		"isBestMatch": true
	},
	{
		"id": 323,
		"price": "0.40650000",
		"qty": "634.00000000",
		"quoteQty": "257.72100000",
		"time": 1662710418092,
		"isBuyerMaker": true,
		"isBestMatch": true
	},
	{
		"id": 324,
		"price": "0.40650000",
		"qty": "32.00000000",
		"quoteQty": "13.00800000",
		"time": 1662710418092,
		"isBuyerMaker": true,
		"isBestMatch": true
	},
	{
		"id": 325,
		"price": "0.40650000",
		"qty": "32.00000000",
		"quoteQty": "13.00800000",
		"time": 1662710418092,
		"isBuyerMaker": true,
		"isBestMatch": true
	},
	{
		"id": 326,
		"price": "0.40650000",
		"qty": "32.00000000",
		"quoteQty": "13.00800000",
		"time": 1662710418092,
		"isBuyerMaker": true,
		"isBestMatch": true
	},
	{
		"id": 327,
		"price": "0.40650000",
		"qty": "32.00000000",
		"quoteQty": "13.00800000",
		"time": 1662710418092,
		"isBuyerMaker": true,
		"isBestMatch": true
	},
	{
		"id": 328,
		"price": "0.40650000",
		"qty": "32.00000000",
		"quoteQty": "13.00800000",
		"time": 1662710418092,
		"isBuyerMaker": true,
		"isBestMatch": true
	},
	{
		"id": 329,
		"price": "0.40650000",
		"qty": "32.00000000",
		"quoteQty": "13.00800000",
		"time": 1662710418092,
		"isBuyerMaker": true,
		"isBestMatch": true
	},
	{
		"id": 330,
		"price": "0.40650000",
		"qty": "32.00000000",
		"quoteQty": "13.00800000",
		"time": 1662710418092,
		"isBuyerMaker": true,
		"isBestMatch": true
	},
	{
		"id": 331,
		"price": "0.40650000",
		"qty": "32.00000000",
		"quoteQty": "13.00800000",
		"time": 1662710418092,
		"isBuyerMaker": true,
		"isBestMatch": true
	},
	{
		"id": 332,
		"price": "0.40650000",
		"qty": "32.00000000",
		"quoteQty": "13.00800000",
		"time": 1662710418092,
		"isBuyerMaker": true,
		"isBestMatch": true
	},
	{
		"id": 333,
		"price": "0.40650000",
		"qty": "24.00000000",
		"quoteQty": "9.75600000",
		"time": 1662710418092,
		"isBuyerMaker": true,
		"isBestMatch": true
	},
	{
		"id": 334,
		"price": "0.40440000",
		"qty": "276.00000000",
		"quoteQty": "111.61440000",
		"time": 1662710418092,
		"isBuyerMaker": true,
		"isBestMatch": true
	},
	{
		"id": 335,
		"price": "0.41610000",
		"qty": "134.00000000",
		"quoteQty": "55.75740000",
		"time": 1662710418095,
		"isBuyerMaker": false,
		"isBestMatch": true
	},
	{
		"id": 336,
		"price": "0.41610000",
		"qty": "489.00000000",
		"quoteQty": "203.47290000",
		"time": 1662710418101,
		"isBuyerMaker": false,
		"isBestMatch": true
	},
	{
		"id": 337,
		"price": "0.41610000",
		"qty": "30.00000000",
		"quoteQty": "12.48300000",
		"time": 1662710418101,
		"isBuyerMaker": false,
		"isBestMatch": true
	},
	{
		"id": 338,
		"price": "0.41620000",
		"qty": "28.00000000",
		"quoteQty": "11.65360000",
		"time": 1662710418101,
		"isBuyerMaker": false,
		"isBestMatch": true
	},
	{
		"id": 339,
		"price": "0.41620000",
		"qty": "301.00000000",
		"quoteQty": "125.27620000",
		"time": 1662710418101,
		"isBuyerMaker": false,
		"isBestMatch": true
	},
	{
		"id": 340,
		"price": "0.40450000",
		"qty": "88.00000000",
		"quoteQty": "35.59600000",
		"time": 1662710418159,
		"isBuyerMaker": true,
		"isBestMatch": true
	},
	{
		"id": 341,
		"price": "0.40850000",
		"qty": "35.00000000",
		"quoteQty": "14.29750000",
		"time": 1662710418410,
		"isBuyerMaker": true,
		"isBestMatch": true
	},
	{
		"id": 342,
		"price": "0.41560000",
		"qty": "32.00000000",
		"quoteQty": "13.29920000",
		"time": 1662710418515,
		"isBuyerMaker": false,
		"isBestMatch": true
	},
	{
		"id": 343,
		"price": "0.41560000",
		"qty": "6.00000000",
		"quoteQty": "2.49360000",
		"time": 1662710418515,
		"isBuyerMaker": false,
		"isBestMatch": true
	},
	{
		"id": 344,
		"price": "0.41090000",
		"qty": "77.00000000",
		"quoteQty": "31.63930000",
		"time": 1662710418585,
		"isBuyerMaker": true,
		"isBestMatch": true
	},
	{
		"id": 345,
		"price": "0.40840000",
		"qty": "138.00000000",
		"quoteQty": "56.35920000",
		"time": 1662710418790,
		"isBuyerMaker": true,
		"isBestMatch": true
	},
	{
		"id": 346,
		"price": "0.41490000",
		"qty": "138.00000000",
		"quoteQty": "57.25620000",
		"time": 1662710418879,
		"isBuyerMaker": false,
		"isBestMatch": true
	},
	{
		"id": 347,
		"price": "0.41490000",
		"qty": "206.00000000",
		"quoteQty": "85.46940000",
		"time": 1662710418879,
		"isBuyerMaker": false,
		"isBestMatch": true
	},
	{
		"id": 348,
		"price": "0.41500000",
		"qty": "35.00000000",
		"quoteQty": "14.52500000",
		"time": 1662710418879,
		"isBuyerMaker": false,
		"isBestMatch": true
	},
	{
		"id": 349,
		"price": "0.41550000",
		"qty": "186.00000000",
		"quoteQty": "77.28300000",
		"time": 1662710418879,
		"isBuyerMaker": false,
		"isBestMatch": true
	},
	{
		"id": 350,
		"price": "0.41560000",
		"qty": "26.00000000",
		"quoteQty": "10.80560000",
		"time": 1662710418879,
		"isBuyerMaker": false,
		"isBestMatch": true
	},
	{
		"id": 351,
		"price": "0.41560000",
		"qty": "27.00000000",
		"quoteQty": "11.22120000",
		"time": 1662710418879,
		"isBuyerMaker": false,
		"isBestMatch": true
	},
	{
		"id": 352,
		"price": "0.41560000",
		"qty": "32.00000000",
		"quoteQty": "13.29920000",
		"time": 1662710418879,
		"isBuyerMaker": false,
		"isBestMatch": true
	},
	{
		"id": 353,
		"price": "0.41560000",
		"qty": "32.00000000",
		"quoteQty": "13.29920000",
		"time": 1662710418879,
		"isBuyerMaker": false,
		"isBestMatch": true
	},
	{
		"id": 354,
		"price": "0.41560000",
		"qty": "310.00000000",
		"quoteQty": "128.83600000",
		"time": 1662710418879,
		"isBuyerMaker": false,
		"isBestMatch": true
	},
	{
		"id": 355,
		"price": "0.40520000",
		"qty": "38.00000000",
		"quoteQty": "15.39760000",
		"time": 1662710419016,
		"isBuyerMaker": false,
		"isBestMatch": true
	},
	{
		"id": 356,
		"price": "0.40520000",
		"qty": "238.00000000",
		"quoteQty": "96.43760000",
		"time": 1662710419362,
		"isBuyerMaker": false,
		"isBestMatch": true
	},
	{
		"id": 357,
		"price": "0.41330000",
		"qty": "197.00000000",
		"quoteQty": "81.42010000",
		"time": 1662710419362,
		"isBuyerMaker": false,
		"isBestMatch": true
	},
	{
		"id": 358,
		"price": "0.41330000",
		"qty": "60.00000000",
		"quoteQty": "24.79800000",
		"time": 1662710419370,
		"isBuyerMaker": false,
		"isBestMatch": true
	},
	{
		"id": 359,
		"price": "0.41330000",
		"qty": "45.00000000",
		"quoteQty": "18.59850000",
		"time": 1662710419370,
		"isBuyerMaker": false,
		"isBestMatch": true
	},
	{
		"id": 360,
		"price": "0.41330000",
		"qty": "313.00000000",
		"quoteQty": "129.36290000",
		"time": 1662710419370,
		"isBuyerMaker": false,
		"isBestMatch": true
	},
	{
		"id": 361,
		"price": "0.41560000",
		"qty": "2.00000000",
		"quoteQty": "0.83120000",
		"time": 1662710419370,
		"isBuyerMaker": false,
		"isBestMatch": true
	},
	{
		"id": 362,
		"price": "0.41560000",
		"qty": "32.00000000",
		"quoteQty": "13.29920000",
		"time": 1662710419370,
		"isBuyerMaker": false,
		"isBestMatch": true
	},
	{
		"id": 363,
		"price": "0.41560000",
		"qty": "32.00000000",
		"quoteQty": "13.29920000",
		"time": 1662710419370,
		"isBuyerMaker": false,
		"isBestMatch": true
	},
	{
		"id": 364,
		"price": "0.41560000",
		"qty": "32.00000000",
		"quoteQty": "13.29920000",
		"time": 1662710419370,
		"isBuyerMaker": false,
		"isBestMatch": true
	},
	{
		"id": 365,
		"price": "0.41560000",
		"qty": "32.00000000",
		"quoteQty": "13.29920000",
		"time": 1662710419370,
		"isBuyerMaker": false,
		"isBestMatch": true
	},
	{
		"id": 366,
		"price": "0.41560000",
		"qty": "32.00000000",
		"quoteQty": "13.29920000",
		"time": 1662710419370,
		"isBuyerMaker": false,
		"isBestMatch": true
	},
	{
		"id": 367,
		"price": "0.41560000",
		"qty": "13.00000000",
		"quoteQty": "5.40280000",
		"time": 1662710419370,
		"isBuyerMaker": false,
		"isBestMatch": true
	},
	{
		"id": 368,
		"price": "0.40460000",
		"qty": "532.00000000",
		"quoteQty": "215.24720000",
		"time": 1662710419525,
		"isBuyerMaker": true,
		"isBestMatch": true
	},
	{
		"id": 369,
		"price": "0.40460000",
		"qty": "2.00000000",
		"quoteQty": "0.80920000",
		"time": 1662710419525,
		"isBuyerMaker": true,
		"isBestMatch": true
	},
	{
		"id": 370,
		"price": "0.40460000",
		"qty": "534.00000000",
		"quoteQty": "216.05640000",
		"time": 1662710419548,
		"isBuyerMaker": true,
		"isBestMatch": true
	},
	{
		"id": 371,
		"price": "0.40460000",
		"qty": "54.00000000",
		"quoteQty": "21.84840000",
		"time": 1662710419579,
		"isBuyerMaker": true,
		"isBestMatch": true
	},
	{
		"id": 372,
		"price": "0.40460000",
		"qty": "191.00000000",
		"quoteQty": "77.27860000",
		"time": 1662710419579,
		"isBuyerMaker": true,
		"isBestMatch": true
	},
	{
		"id": 373,
		"price": "0.40460000",
		"qty": "210.00000000",
		"quoteQty": "84.96600000",
		"time": 1662710419579,
		"isBuyerMaker": true,
		"isBestMatch": true
	},
	{
		"id": 374,
		"price": "0.40450000",
		"qty": "177.00000000",
		"quoteQty": "71.59650000",
		"time": 1662710419730,
		"isBuyerMaker": true,
		"isBestMatch": true
	},
	{
		"id": 375,
		"price": "0.40450000",
		"qty": "37.00000000",
		"quoteQty": "14.96650000",
		"time": 1662710419730,
		"isBuyerMaker": true,
		"isBestMatch": true
	},
	{
		"id": 376,
		"price": "0.40020000",
		"qty": "794.00000000",
		"quoteQty": "317.75880000",
		"time": 1662710419936,
		"isBuyerMaker": true,
		"isBestMatch": true
	},
	{
		"id": 377,
		"price": "0.40410000",
		"qty": "430.00000000",
		"quoteQty": "173.76300000",
		"time": 1662710420029,
		"isBuyerMaker": false,
		"isBestMatch": true
	},
	{
		"id": 378,
		"price": "0.40420000",
		"qty": "206.00000000",
		"quoteQty": "83.26520000",
		"time": 1662710420029,
		"isBuyerMaker": false,
		"isBestMatch": true
	},
	{
		"id": 379,
		"price": "0.40670000",
		"qty": "181.00000000",
		"quoteQty": "73.61270000",
		"time": 1662710420038,
		"isBuyerMaker": true,
		"isBestMatch": true
	},
	{
		"id": 380,
		"price": "0.40050000",
		"qty": "77.00000000",
		"quoteQty": "30.83850000",
		"time": 1662710420174,
		"isBuyerMaker": true,
		"isBestMatch": true
	},
	{
		"id": 381,
		"price": "0.40050000",
		"qty": "272.00000000",
		"quoteQty": "108.93600000",
		"time": 1662710420183,
		"isBuyerMaker": true,
		"isBestMatch": true
	},
	{
		"id": 382,
		"price": "0.40660000",
		"qty": "349.00000000",
		"quoteQty": "141.90340000",
		"time": 1662710420629,
		"isBuyerMaker": false,
		"isBestMatch": true
	},
	{
		"id": 383,
		"price": "0.40670000",
		"qty": "210.00000000",
		"quoteQty": "85.40700000",
		"time": 1662710420629,
		"isBuyerMaker": false,
		"isBestMatch": true
	},
	{
		"id": 384,
		"price": "0.40670000",
		"qty": "191.00000000",
		"quoteQty": "77.67970000",
		"time": 1662710420629,
		"isBuyerMaker": false,
		"isBestMatch": true
	},
	{
		"id": 385,
		"price": "0.40680000",
		"qty": "201.00000000",
		"quoteQty": "81.76680000",
		"time": 1662710420629,
		"isBuyerMaker": false,
		"isBestMatch": true
	},
	{
		"id": 386,
		"price": "0.40790000",
		"qty": "1499.00000000",
		"quoteQty": "611.44210000",
		"time": 1662710420629,
		"isBuyerMaker": false,
		"isBestMatch": true
	},
	{
		"id": 387,
		"price": "0.40490000",
		"qty": "153.00000000",
		"quoteQty": "61.94970000",
		"time": 1662710420634,
		"isBuyerMaker": true,
		"isBestMatch": true
	},
	{
		"id": 388,
		"price": "0.40790000",
		"qty": "33.00000000",
		"quoteQty": "13.46070000",
		"time": 1662710420652,
		"isBuyerMaker": false,
		"isBestMatch": true
	},
	{
		"id": 389,
		"price": "0.40500000",
		"qty": "171.00000000",
		"quoteQty": "69.25500000",
		"time": 1662710420788,
		"isBuyerMaker": true,
		"isBestMatch": true
	},
	{
		"id": 390,
		"price": "0.40500000",
		"qty": "173.00000000",
		"quoteQty": "70.06500000",
		"time": 1662710420792,
		"isBuyerMaker": true,
		"isBestMatch": true
	},
	{
		"id": 391,
		"price": "0.40500000",
		"qty": "301.00000000",
		"quoteQty": "121.90500000",
		"time": 1662710420856,
		"isBuyerMaker": true,
		"isBestMatch": true
	},
	{
		"id": 392,
		"price": "0.40490000",
		"qty": "307.00000000",
		"quoteQty": "124.30430000",
		"time": 1662710420896,
		"isBuyerMaker": true,
		"isBestMatch": true
	},
	{
		"id": 393,
		"price": "0.40490000",
		"qty": "113.00000000",
		"quoteQty": "45.75370000",
		"time": 1662710420906,
		"isBuyerMaker": true,
		"isBestMatch": true
	},
	{
		"id": 394,
		"price": "0.40490000",
		"qty": "614.00000000",
		"quoteQty": "248.60860000",
		"time": 1662710420906,
		"isBuyerMaker": true,
		"isBestMatch": true
	},
	{
		"id": 395,
		"price": "0.40490000",
		"qty": "578.00000000",
		"quoteQty": "234.03220000",
		"time": 1662710420906,
		"isBuyerMaker": true,
		"isBestMatch": true
	},
	{
		"id": 396,
		"price": "0.40480000",
		"qty": "193.00000000",
		"quoteQty": "78.12640000",
		"time": 1662710420906,
		"isBuyerMaker": true,
		"isBestMatch": true
	},
	{
		"id": 397,
		"price": "0.40480000",
		"qty": "80.00000000",
		"quoteQty": "32.38400000",
		"time": 1662710420977,
		"isBuyerMaker": true,
		"isBestMatch": true
	},
	{
		"id": 398,
		"price": "0.40110000",
		"qty": "614.00000000",
		"quoteQty": "246.27540000",
		"time": 1662710421067,
		"isBuyerMaker": false,
		"isBestMatch": true
	},
	{
		"id": 399,
		"price": "0.40110000",
		"qty": "573.00000000",
		"quoteQty": "229.83030000",
		"time": 1662710421067,
		"isBuyerMaker": false,
		"isBestMatch": true
	},
	{
		"id": 400,
		"price": "0.40110000",
		"qty": "13.00000000",
		"quoteQty": "5.21430000",
		"time": 1662710421067,
		"isBuyerMaker": false,
		"isBestMatch": true
	},
	{
		"id": 401,
		"price": "0.40110000",
		"qty": "565.00000000",
		"quoteQty": "226.62150000",
		"time": 1662710421114,
		"isBuyerMaker": false,
		"isBestMatch": true
	},
	{
		"id": 402,
		"price": "0.40120000",
		"qty": "315.00000000",
		"quoteQty": "126.37800000",
		"time": 1662710421114,
		"isBuyerMaker": false,
		"isBestMatch": true
	},
	{
		"id": 403,
		"price": "0.40120000",
		"qty": "27.00000000",
		"quoteQty": "10.83240000",
		"time": 1662710421310,
		"isBuyerMaker": false,
		"isBestMatch": true
	},
	{
		"id": 404,
		"price": "0.40120000",
		"qty": "303.00000000",
		"quoteQty": "121.56360000",
		"time": 1662710421468,
		"isBuyerMaker": false,
		"isBestMatch": true
	},
	{
		"id": 405,
		"price": "0.40130000",
		"qty": "1248.00000000",
		"quoteQty": "500.82240000",
		"time": 1662710421468,
		"isBuyerMaker": false,
		"isBestMatch": true
	},
	{
		"id": 406,
		"price": "0.40130000",
		"qty": "170.00000000",
		"quoteQty": "68.22100000",
		"time": 1662710421677,
		"isBuyerMaker": false,
		"isBestMatch": true
	},
	{
		"id": 407,
		"price": "0.40670000",
		"qty": "79.00000000",
		"quoteQty": "32.12930000",
		"time": 1662710421683,
		"isBuyerMaker": true,
		"isBestMatch": true
	},
	{
		"id": 408,
		"price": "0.40700000",
		"qty": "575.00000000",
		"quoteQty": "234.02500000",
		"time": 1662710421743,
		"isBuyerMaker": true,
		"isBestMatch": true
	},
	{
		"id": 409,
		"price": "0.40690000",
		"qty": "36.00000000",
		"quoteQty": "14.64840000",
		"time": 1662710421743,
		"isBuyerMaker": true,
		"isBestMatch": true
	},
	{
		"id": 410,
		"price": "0.40690000",
		"qty": "513.00000000",
		"quoteQty": "208.73970000",
		"time": 1662710421761,
		"isBuyerMaker": true,
		"isBestMatch": true
	},
	{
		"id": 411,
		"price": "0.40690000",
		"qty": "52.00000000",
		"quoteQty": "21.15880000",
		"time": 1662710421778,
		"isBuyerMaker": true,
		"isBestMatch": true
	},
	{
		"id": 412,
		"price": "0.40690000",
		"qty": "617.00000000",
		"quoteQty": "251.05730000",
		"time": 1662710421778,
		"isBuyerMaker": true,
		"isBestMatch": true
	},
	{
		"id": 413,
		"price": "0.40690000",
		"qty": "589.00000000",
		"quoteQty": "239.66410000",
		"time": 1662710421778,
		"isBuyerMaker": true,
		"isBestMatch": true
	},
	{
		"id": 414,
		"price": "0.40110000",
		"qty": "49.00000000",
		"quoteQty": "19.65390000",
		"time": 1662710421920,
		"isBuyerMaker": false,
		"isBestMatch": true
	},
	{
		"id": 415,
		"price": "0.40020000",
		"qty": "273.00000000",
		"quoteQty": "109.25460000",
		"time": 1662710421940,
		"isBuyerMaker": true,
		"isBestMatch": true
	},
	{
		"id": 416,
		"price": "0.40060000",
		"qty": "355.00000000",
		"quoteQty": "142.21300000",
		"time": 1662710422082,
		"isBuyerMaker": false,
		"isBestMatch": true
	},
	{
		"id": 417,
		"price": "0.40120000",
		"qty": "176.00000000",
		"quoteQty": "70.61120000",
		"time": 1662710422782,
		"isBuyerMaker": false,
		"isBestMatch": true
	},
	{
		"id": 418,
		"price": "0.40120000",
		"qty": "70.00000000",
		"quoteQty": "28.08400000",
		"time": 1662710423137,
		"isBuyerMaker": false,
		"isBestMatch": true
	},
	{
		"id": 419,
		"price": "0.40120000",
		"qty": "526.00000000",
		"quoteQty": "211.03120000",
		"time": 1662710423137,
		"isBuyerMaker": false,
		"isBestMatch": true
	},
	{
		"id": 420,
		"price": "0.40120000",
		"qty": "276.00000000",
		"quoteQty": "110.73120000",
		"time": 1662710423137,
		"isBuyerMaker": false,
		"isBestMatch": true
	},
	{
		"id": 421,
		"price": "0.40120000",
		"qty": "313.00000000",
		"quoteQty": "125.57560000",
		"time": 1662710423399,
		"isBuyerMaker": false,
		"isBestMatch": true
	},
	{
		"id": 422,
		"price": "0.40120000",
		"qty": "617.00000000",
		"quoteQty": "247.54040000",
		"time": 1662710423399,
		"isBuyerMaker": false,
		"isBestMatch": true
	},
	{
		"id": 423,
		"price": "0.40130000",
		"qty": "611.00000000",
		"quoteQty": "245.19430000",
		"time": 1662710423399,
		"isBuyerMaker": false,
		"isBestMatch": true
	},
	{
		"id": 424,
		"price": "0.40720000",
		"qty": "25.00000000",
		"quoteQty": "10.18000000",
		"time": 1662710423399,
		"isBuyerMaker": false,
		"isBestMatch": true
	},
	{
		"id": 425,
		"price": "0.40720000",
		"qty": "24.00000000",
		"quoteQty": "9.77280000",
		"time": 1662710423399,
		"isBuyerMaker": false,
		"isBestMatch": true
	},
	{
		"id": 426,
		"price": "0.40790000",
		"qty": "124.00000000",
		"quoteQty": "50.57960000",
		"time": 1662710423399,
		"isBuyerMaker": false,
		"isBestMatch": true
	},
	{
		"id": 427,
		"price": "0.40780000",
		"qty": "106.00000000",
		"quoteQty": "43.22680000",
		"time": 1662710423404,
		"isBuyerMaker": false,
		"isBestMatch": true
	},
	{
		"id": 428,
		"price": "0.40780000",
		"qty": "394.00000000",
		"quoteQty": "160.67320000",
		"time": 1662710423619,
		"isBuyerMaker": false,
		"isBestMatch": true
	},
	{
		"id": 429,
		"price": "0.40790000",
		"qty": "845.00000000",
		"quoteQty": "344.67550000",
		"time": 1662710423619,
		"isBuyerMaker": false,
		"isBestMatch": true
	},
	{
		"id": 430,
		"price": "0.40840000",
		"qty": "5.00000000",
		"quoteQty": "2.04200000",
		"time": 1662710423619,
		"isBuyerMaker": false,
		"isBestMatch": true
	},
	{
		"id": 431,
		"price": "0.40750000",
		"qty": "757.00000000",
		"quoteQty": "308.47750000",
		"time": 1662710424219,
		"isBuyerMaker": false,
		"isBestMatch": true
	},
	{
		"id": 432,
		"price": "0.40750000",
		"qty": "46.00000000",
		"quoteQty": "18.74500000",
		"time": 1662710424220,
		"isBuyerMaker": false,
		"isBestMatch": true
	},
	{
		"id": 433,
		"price": "0.40750000",
		"qty": "9.00000000",
		"quoteQty": "3.66750000",
		"time": 1662710424760,
		"isBuyerMaker": false,
		"isBestMatch": true
	},
	{
		"id": 434,
		"price": "0.40870000",
		"qty": "37.00000000",
		"quoteQty": "15.12190000",
		"time": 1662710424760,
		"isBuyerMaker": false,
		"isBestMatch": true
	},
	{
		"id": 435,
		"price": "0.41020000",
		"qty": "2.00000000",
		"quoteQty": "0.82040000",
		"time": 1662710424760,
		"isBuyerMaker": false,
		"isBestMatch": true
	},
	{
		"id": 436,
		"price": "0.40370000",
		"qty": "147.00000000",
		"quoteQty": "59.34390000",
		"time": 1662710424792,
		"isBuyerMaker": true,
		"isBestMatch": true
	},
	{
		"id": 437,
		"price": "0.41020000",
		"qty": "30.00000000",
		"quoteQty": "12.30600000",
		"time": 1662710425088,
		"isBuyerMaker": false,
		"isBestMatch": true
	},
	{
		"id": 438,
		"price": "0.41020000",
		"qty": "12.00000000",
		"quoteQty": "4.92240000",
		"time": 1662710425088,
		"isBuyerMaker": false,
		"isBestMatch": true
	},
	{
		"id": 439,
		"price": "0.40450000",
		"qty": "286.00000000",
		"quoteQty": "115.68700000",
		"time": 1662710425124,
		"isBuyerMaker": true,
		"isBestMatch": true
	},
	{
		"id": 440,
		"price": "0.40900000",
		"qty": "139.00000000",
		"quoteQty": "56.85100000",
		"time": 1662710425437,
		"isBuyerMaker": false,
		"isBestMatch": true
	},
	{
		"id": 441,
		"price": "0.41020000",
		"qty": "20.00000000",
		"quoteQty": "8.20400000",
		"time": 1662710425437,
		"isBuyerMaker": false,
		"isBestMatch": true
	},
	{
		"id": 442,
		"price": "0.41020000",
		"qty": "32.00000000",
		"quoteQty": "13.12640000",
		"time": 1662710425437,
		"isBuyerMaker": false,
		"isBestMatch": true
	},
	{
		"id": 443,
		"price": "0.41020000",
		"qty": "32.00000000",
		"quoteQty": "13.12640000",
		"time": 1662710425437,
		"isBuyerMaker": false,
		"isBestMatch": true
	},
	{
		"id": 444,
		"price": "0.41020000",
		"qty": "32.00000000",
		"quoteQty": "13.12640000",
		"time": 1662710425437,
		"isBuyerMaker": false,
		"isBestMatch": true
	},
	{
		"id": 445,
		"price": "0.41020000",
		"qty": "32.00000000",
		"quoteQty": "13.12640000",
		"time": 1662710425437,
		"isBuyerMaker": false,
		"isBestMatch": true
	},
	{
		"id": 446,
		"price": "0.41020000",
		"qty": "32.00000000",
		"quoteQty": "13.12640000",
		"time": 1662710425437,
		"isBuyerMaker": false,
		"isBestMatch": true
	},
	{
		"id": 447,
		"price": "0.41020000",
		"qty": "32.00000000",
		"quoteQty": "13.12640000",
		"time": 1662710425437,
		"isBuyerMaker": false,
		"isBestMatch": true
	},
	{
		"id": 448,
		"price": "0.41020000",
		"qty": "32.00000000",
		"quoteQty": "13.12640000",
		"time": 1662710425437,
		"isBuyerMaker": false,
		"isBestMatch": true
	},
	{
		"id": 449,
		"price": "0.41020000",
		"qty": "25.00000000",
		"quoteQty": "10.25500000",
		"time": 1662710425437,
		"isBuyerMaker": false,
		"isBestMatch": true
	},
	{
		"id": 450,
		"price": "0.41550000",
		"qty": "532.00000000",
		"quoteQty": "221.04600000",
		"time": 1662710425437,
		"isBuyerMaker": false,
		"isBestMatch": true
	},
	{
		"id": 451,
		"price": "0.41550000",
		"qty": "536.00000000",
		"quoteQty": "222.70800000",
		"time": 1662710425437,
		"isBuyerMaker": false,
		"isBestMatch": true
	},
	{
		"id": 452,
		"price": "0.41550000",
		"qty": "54.00000000",
		"quoteQty": "22.43700000",
		"time": 1662710425437,
		"isBuyerMaker": false,
		"isBestMatch": true
	},
	{
		"id": 453,
		"price": "0.41600000",
		"qty": "634.00000000",
		"quoteQty": "263.74400000",
		"time": 1662710425437,
		"isBuyerMaker": false,
		"isBestMatch": true
	},
	{
		"id": 454,
		"price": "0.41600000",
		"qty": "332.00000000",
		"quoteQty": "138.11200000",
		"time": 1662710425437,
		"isBuyerMaker": false,
		"isBestMatch": true
	},
	{
		"id": 455,
		"price": "0.41600000",
		"qty": "619.00000000",
		"quoteQty": "257.50400000",
		"time": 1662710425437,
		"isBuyerMaker": false,
		"isBestMatch": true
	},
	{
		"id": 456,
		"price": "0.41600000",
		"qty": "88.00000000",
		"quoteQty": "36.60800000",
		"time": 1662710425437,
		"isBuyerMaker": false,
		"isBestMatch": true
	},
	{
		"id": 457,
		"price": "0.41610000",
		"qty": "206.00000000",
		"quoteQty": "85.71660000",
		"time": 1662710425437,
		"isBuyerMaker": false,
		"isBestMatch": true
	},
	{
		"id": 458,
		"price": "0.41620000",
		"qty": "12.00000000",
		"quoteQty": "4.99440000",
		"time": 1662710425437,
		"isBuyerMaker": false,
		"isBestMatch": true
	},
	{
		"id": 459,
		"price": "0.42050000",
		"qty": "670.00000000",
		"quoteQty": "281.73500000",
		"time": 1662710425437,
		"isBuyerMaker": false,
		"isBestMatch": true
	},
	{
		"id": 460,
		"price": "0.42050000",
		"qty": "589.00000000",
		"quoteQty": "247.67450000",
		"time": 1662710425437,
		"isBuyerMaker": false,
		"isBestMatch": true
	},
	{
		"id": 461,
		"price": "0.42050000",
		"qty": "683.00000000",
		"quoteQty": "287.20150000",
		"time": 1662710425437,
		"isBuyerMaker": false,
		"isBestMatch": true
	},
	{
		"id": 462,
		"price": "0.42050000",
		"qty": "91.00000000",
		"quoteQty": "38.26550000",
		"time": 1662710425437,
		"isBuyerMaker": false,
		"isBestMatch": true
	},
	{
		"id": 463,
		"price": "0.40790000",
		"qty": "406.00000000",
		"quoteQty": "165.60740000",
		"time": 1662710425557,
		"isBuyerMaker": true,
		"isBestMatch": true
	},
	{
		"id": 464,
		"price": "0.41790000",
		"qty": "239.00000000",
		"quoteQty": "99.87810000",
		"time": 1662710426160,
		"isBuyerMaker": false,
		"isBestMatch": true
	},
	{
		"id": 465,
		"price": "0.40780000",
		"qty": "358.00000000",
		"quoteQty": "145.99240000",
		"time": 1662710426889,
		"isBuyerMaker": true,
		"isBestMatch": true
	},
	{
		"id": 466,
		"price": "0.40790000",
		"qty": "190.00000000",
		"quoteQty": "77.50100000",
		"time": 1662710426979,
		"isBuyerMaker": true,
		"isBestMatch": true
	},
	{
		"id": 467,
		"price": "0.40790000",
		"qty": "84.00000000",
		"quoteQty": "34.26360000",
		"time": 1662710427015,
		"isBuyerMaker": true,
		"isBestMatch": true
	},
	{
		"id": 468,
		"price": "0.40800000",
		"qty": "510.00000000",
		"quoteQty": "208.08000000",
		"time": 1662710427071,
		"isBuyerMaker": true,
		"isBestMatch": true
	},
	{
		"id": 469,
		"price": "0.40790000",
		"qty": "461.00000000",
		"quoteQty": "188.04190000",
		"time": 1662710427071,
		"isBuyerMaker": true,
		"isBestMatch": true
	},
	{
		"id": 470,
		"price": "0.40780000",
		"qty": "1103.00000000",
		"quoteQty": "449.80340000",
		"time": 1662710427071,
		"isBuyerMaker": true,
		"isBestMatch": true
	},
	{
		"id": 471,
		"price": "0.40830000",
		"qty": "520.00000000",
		"quoteQty": "212.31600000",
		"time": 1662710427662,
		"isBuyerMaker": true,
		"isBestMatch": true
	},
	{
		"id": 472,
		"price": "0.40820000",
		"qty": "569.00000000",
		"quoteQty": "232.26580000",
		"time": 1662710427662,
		"isBuyerMaker": true,
		"isBestMatch": true
	},
	{
		"id": 473,
		"price": "0.40810000",
		"qty": "163.00000000",
		"quoteQty": "66.52030000",
		"time": 1662710427662,
		"isBuyerMaker": true,
		"isBestMatch": true
	},
	{
		"id": 474,
		"price": "0.40840000",
		"qty": "96.00000000",
		"quoteQty": "39.20640000",
		"time": 1662710427739,
		"isBuyerMaker": true,
		"isBestMatch": true
	},
	{
		"id": 475,
		"price": "0.40850000",
		"qty": "32.00000000",
		"quoteQty": "13.07200000",
		"time": 1662710427771,
		"isBuyerMaker": true,
		"isBestMatch": true
	},
	{
		"id": 476,
		"price": "0.40850000",
		"qty": "32.00000000",
		"quoteQty": "13.07200000",
		"time": 1662710427849,
		"isBuyerMaker": true,
		"isBestMatch": true
	},
	{
		"id": 477,
		"price": "0.41740000",
		"qty": "27.00000000",
		"quoteQty": "11.26980000",
		"time": 1662710427983,
		"isBuyerMaker": false,
		"isBestMatch": true
	},
	{
		"id": 478,
		"price": "0.40870000",
		"qty": "405.00000000",
		"quoteQty": "165.52350000",
		"time": 1662710428059,
		"isBuyerMaker": true,
		"isBestMatch": true
	},
	{
		"id": 479,
		"price": "0.40880000",
		"qty": "32.00000000",
		"quoteQty": "13.08160000",
		"time": 1662710428076,
		"isBuyerMaker": true,
		"isBestMatch": true
	},
	{
		"id": 480,
		"price": "0.40890000",
		"qty": "32.00000000",
		"quoteQty": "13.08480000",
		"time": 1662710428331,
		"isBuyerMaker": true,
		"isBestMatch": true
	},
	{
		"id": 481,
		"price": "0.41550000",
		"qty": "128.00000000",
		"quoteQty": "53.18400000",
		"time": 1662710428461,
		"isBuyerMaker": false,
		"isBestMatch": true
	},
	{
		"id": 482,
		"price": "0.41560000",
		"qty": "72.00000000",
		"quoteQty": "29.92320000",
		"time": 1662710428461,
		"isBuyerMaker": false,
		"isBestMatch": true
	},
	{
		"id": 483,
		"price": "0.41560000",
		"qty": "470.00000000",
		"quoteQty": "195.33200000",
		"time": 1662710428473,
		"isBuyerMaker": false,
		"isBestMatch": true
	},
	{
		"id": 484,
		"price": "0.41570000",
		"qty": "25.00000000",
		"quoteQty": "10.39250000",
		"time": 1662710428473,
		"isBuyerMaker": false,
		"isBestMatch": true
	},
	{
		"id": 485,
		"price": "0.41570000",
		"qty": "25.00000000",
		"quoteQty": "10.39250000",
		"time": 1662710428473,
		"isBuyerMaker": false,
		"isBestMatch": true
	},
	{
		"id": 486,
		"price": "0.41570000",
		"qty": "25.00000000",
		"quoteQty": "10.39250000",
		"time": 1662710428473,
		"isBuyerMaker": false,
		"isBestMatch": true
	},
	{
		"id": 487,
		"price": "0.41570000",
		"qty": "22.00000000",
		"quoteQty": "9.14540000",
		"time": 1662710428473,
		"isBuyerMaker": false,
		"isBestMatch": true
	},
	{
		"id": 488,
		"price": "0.41010000",
		"qty": "578.00000000",
		"quoteQty": "237.03780000",
		"time": 1662710428569,
		"isBuyerMaker": true,
		"isBestMatch": true
	},
	{
		"id": 489,
		"price": "0.41010000",
		"qty": "560.00000000",
		"quoteQty": "229.65600000",
		"time": 1662710428569,
		"isBuyerMaker": true,
		"isBestMatch": true
	},
	{
		"id": 490,
		"price": "0.41000000",
		"qty": "977.00000000",
		"quoteQty": "400.57000000",
		"time": 1662710428569,
		"isBuyerMaker": true,
		"isBestMatch": true
	},
	{
		"id": 491,
		"price": "0.41000000",
		"qty": "135.00000000",
		"quoteQty": "55.35000000",
		"time": 1662710428583,
		"isBuyerMaker": true,
		"isBestMatch": true
	},
	{
		"id": 492,
		"price": "0.41000000",
		"qty": "192.00000000",
		"quoteQty": "78.72000000",
		"time": 1662710428628,
		"isBuyerMaker": true,
		"isBestMatch": true
	},
	{
		"id": 493,
		"price": "0.41000000",
		"qty": "37.00000000",
		"quoteQty": "15.17000000",
		"time": 1662710428674,
		"isBuyerMaker": true,
		"isBestMatch": true
	},
	{
		"id": 494,
		"price": "0.41000000",
		"qty": "155.00000000",
		"quoteQty": "63.55000000",
		"time": 1662710428805,
		"isBuyerMaker": true,
		"isBestMatch": true
	},
	{
		"id": 495,
		"price": "0.41000000",
		"qty": "121.00000000",
		"quoteQty": "49.61000000",
		"time": 1662710428911,
		"isBuyerMaker": true,
		"isBestMatch": true
	},
	{
		"id": 496,
		"price": "0.41010000",
		"qty": "49.00000000",
		"quoteQty": "20.09490000",
		"time": 1662710429006,
		"isBuyerMaker": true,
		"isBestMatch": true
	},
	{
		"id": 497,
		"price": "0.41010000",
		"qty": "258.00000000",
		"quoteQty": "105.80580000",
		"time": 1662710429104,
		"isBuyerMaker": true,
		"isBestMatch": true
	},
	{
		"id": 498,
		"price": "0.41530000",
		"qty": "1203.00000000",
		"quoteQty": "499.60590000",
		"time": 1662710429163,
		"isBuyerMaker": false,
		"isBestMatch": true
	},
	{
		"id": 499,
		"price": "0.41010000",
		"qty": "1034.00000000",
		"quoteQty": "424.04340000",
		"time": 1662710429202,
		"isBuyerMaker": true,
		"isBestMatch": true
	},
	{
		"id": 500,
		"price": "0.41000000",
		"qty": "191.00000000",
		"quoteQty": "78.31000000",
		"time": 1662710429202,
		"isBuyerMaker": true,
		"isBestMatch": true
	},
	{
		"id": 501,
		"price": "0.41010000",
		"qty": "36.00000000",
		"quoteQty": "14.76360000",
		"time": 1662710429775,
		"isBuyerMaker": true,
		"isBestMatch": true
	},
	{
		"id": 502,
		"price": "0.41010000",
		"qty": "170.00000000",
		"quoteQty": "69.71700000",
		"time": 1662710429832,
		"isBuyerMaker": true,
		"isBestMatch": true
	},
	{
		"id": 503,
		"price": "0.41010000",
		"qty": "36.00000000",
		"quoteQty": "14.76360000",
		"time": 1662710429857,
		"isBuyerMaker": true,
		"isBestMatch": true
	},
	{
		"id": 504,
		"price": "0.41010000",
		"qty": "36.00000000",
		"quoteQty": "14.76360000",
		"time": 1662710430032,
		"isBuyerMaker": true,
		"isBestMatch": true
	},
	{
		"id": 505,
		"price": "0.41010000",
		"qty": "1063.00000000",
		"quoteQty": "435.93630000",
		"time": 1662710430039,
		"isBuyerMaker": true,
		"isBestMatch": true
	},
	{
		"id": 506,
		"price": "0.40910000",
		"qty": "3.00000000",
		"quoteQty": "1.22730000",
		"time": 1662710430039,
		"isBuyerMaker": true,
		"isBestMatch": true
	},
	{
		"id": 507,
		"price": "0.41030000",
		"qty": "499.00000000",
		"quoteQty": "204.73970000",
		"time": 1662710430067,
		"isBuyerMaker": true,
		"isBestMatch": true
	},
	{
		"id": 508,
		"price": "0.41030000",
		"qty": "137.00000000",
		"quoteQty": "56.21110000",
		"time": 1662710430083,
		"isBuyerMaker": true,
		"isBestMatch": true
	},
	{
		"id": 509,
		"price": "0.41020000",
		"qty": "249.00000000",
		"quoteQty": "102.13980000",
		"time": 1662710430083,
		"isBuyerMaker": true,
		"isBestMatch": true
	},
	{
		"id": 510,
		"price": "0.41020000",
		"qty": "390.00000000",
		"quoteQty": "159.97800000",
		"time": 1662710430086,
		"isBuyerMaker": true,
		"isBestMatch": true
	},
	{
		"id": 511,
		"price": "0.41020000",
		"qty": "602.00000000",
		"quoteQty": "246.94040000",
		"time": 1662710430086,
		"isBuyerMaker": true,
		"isBestMatch": true
	},
	{
		"id": 512,
		"price": "0.41020000",
		"qty": "233.00000000",
		"quoteQty": "95.57660000",
		"time": 1662710430086,
		"isBuyerMaker": true,
		"isBestMatch": true
	},
	{
		"id": 513,
		"price": "0.41030000",
		"qty": "515.00000000",
		"quoteQty": "211.30450000",
		"time": 1662710430123,
		"isBuyerMaker": true,
		"isBestMatch": true
	},
	{
		"id": 514,
		"price": "0.41030000",
		"qty": "89.00000000",
		"quoteQty": "36.51670000",
		"time": 1662710430123,
		"isBuyerMaker": true,
		"isBestMatch": true
	},
	{
		"id": 515,
		"price": "0.41020000",
		"qty": "407.00000000",
		"quoteQty": "166.95140000",
		"time": 1662710430123,
		"isBuyerMaker": true,
		"isBestMatch": true
	},
	{
		"id": 516,
		"price": "0.40910000",
		"qty": "91.00000000",
		"quoteQty": "37.22810000",
		"time": 1662710430123,
		"isBuyerMaker": true,
		"isBestMatch": true
	},
	{
		"id": 517,
		"price": "0.40910000",
		"qty": "148.00000000",
		"quoteQty": "60.54680000",
		"time": 1662710430148,
		"isBuyerMaker": true,
		"isBestMatch": true
	},
	{
		"id": 518,
		"price": "0.40900000",
		"qty": "596.00000000",
		"quoteQty": "243.76400000",
		"time": 1662710430154,
		"isBuyerMaker": true,
		"isBestMatch": true
	},
	{
		"id": 519,
		"price": "0.40900000",
		"qty": "62.00000000",
		"quoteQty": "25.35800000",
		"time": 1662710430219,
		"isBuyerMaker": true,
		"isBestMatch": true
	},
	{
		"id": 520,
		"price": "0.41370000",
		"qty": "25.00000000",
		"quoteQty": "10.34250000",
		"time": 1662710430329,
		"isBuyerMaker": false,
		"isBestMatch": true
	},
	{
		"id": 521,
		"price": "0.41270000",
		"qty": "36.00000000",
		"quoteQty": "14.85720000",
		"time": 1662710430828,
		"isBuyerMaker": false,
		"isBestMatch": true
	},
	{
		"id": 522,
		"price": "0.41230000",
		"qty": "547.00000000",
		"quoteQty": "225.52810000",
		"time": 1662710431039,
		"isBuyerMaker": false,
		"isBestMatch": true
	},
	{
		"id": 523,
		"price": "0.41190000",
		"qty": "97.00000000",
		"quoteQty": "39.95430000",
		"time": 1662710431598,
		"isBuyerMaker": false,
		"isBestMatch": true
	},
	{
		"id": 524,
		"price": "0.41180000",
		"qty": "36.00000000",
		"quoteQty": "14.82480000",
		"time": 1662710431652,
		"isBuyerMaker": false,
		"isBestMatch": true
	},
	{
		"id": 525,
		"price": "0.41150000",
		"qty": "330.00000000",
		"quoteQty": "135.79500000",
		"time": 1662710431859,
		"isBuyerMaker": false,
		"isBestMatch": true
	},
	{
		"id": 526,
		"price": "0.41090000",
		"qty": "209.00000000",
		"quoteQty": "85.87810000",
		"time": 1662710432607,
		"isBuyerMaker": false,
		"isBestMatch": true
	},
	{
		"id": 527,
		"price": "0.41090000",
		"qty": "735.00000000",
		"quoteQty": "302.01150000",
		"time": 1662710432607,
		"isBuyerMaker": false,
		"isBestMatch": true
	},
	{
		"id": 528,
		"price": "0.41100000",
		"qty": "590.00000000",
		"quoteQty": "242.49000000",
		"time": 1662710432607,
		"isBuyerMaker": false,
		"isBestMatch": true
	},
	{
		"id": 529,
		"price": "0.41100000",
		"qty": "1206.00000000",
		"quoteQty": "495.66600000",
		"time": 1662710432607,
		"isBuyerMaker": false,
		"isBestMatch": true
	},
	{
		"id": 530,
		"price": "0.41110000",
		"qty": "3096.00000000",
		"quoteQty": "1272.76560000",
		"time": 1662710432607,
		"isBuyerMaker": false,
		"isBestMatch": true
	},
	{
		"id": 531,
		"price": "0.41180000",
		"qty": "242.00000000",
		"quoteQty": "99.65560000",
		"time": 1662710432607,
		"isBuyerMaker": false,
		"isBestMatch": true
	},
	{
		"id": 532,
		"price": "0.41240000",
		"qty": "516.00000000",
		"quoteQty": "212.79840000",
		"time": 1662710432884,
		"isBuyerMaker": true,
		"isBestMatch": true
	},
	{
		"id": 533,
		"price": "0.41240000",
		"qty": "36.00000000",
		"quoteQty": "14.84640000",
		"time": 1662710432891,
		"isBuyerMaker": true,
		"isBestMatch": true
	},
	{
		"id": 534,
		"price": "0.41240000",
		"qty": "60.00000000",
		"quoteQty": "24.74400000",
		"time": 1662710432892,
		"isBuyerMaker": true,
		"isBestMatch": true
	},
	{
		"id": 535,
		"price": "0.41240000",
		"qty": "626.00000000",
		"quoteQty": "258.16240000",
		"time": 1662710432892,
		"isBuyerMaker": true,
		"isBestMatch": true
	},
	{
		"id": 536,
		"price": "0.41240000",
		"qty": "578.00000000",
		"quoteQty": "238.36720000",
		"time": 1662710432892,
		"isBuyerMaker": true,
		"isBestMatch": true
	},
	{
		"id": 537,
		"price": "0.41240000",
		"qty": "608.00000000",
		"quoteQty": "250.73920000",
		"time": 1662710432892,
		"isBuyerMaker": true,
		"isBestMatch": true
	},
	{
		"id": 538,
		"price": "0.41230000",
		"qty": "574.00000000",
		"quoteQty": "236.66020000",
		"time": 1662710432892,
		"isBuyerMaker": true,
		"isBestMatch": true
	},
	{
		"id": 539,
		"price": "0.41240000",
		"qty": "279.00000000",
		"quoteQty": "115.05960000",
		"time": 1662710432919,
		"isBuyerMaker": true,
		"isBestMatch": true
	},
	{
		"id": 540,
		"price": "0.41240000",
		"qty": "36.00000000",
		"quoteQty": "14.84640000",
		"time": 1662710432969,
		"isBuyerMaker": true,
		"isBestMatch": true
	},
	{
		"id": 541,
		"price": "0.41250000",
		"qty": "305.00000000",
		"quoteQty": "125.81250000",
		"time": 1662710433014,
		"isBuyerMaker": true,
		"isBestMatch": true
	},
	{
		"id": 542,
		"price": "0.41250000",
		"qty": "36.00000000",
		"quoteQty": "14.85000000",
		"time": 1662710433049,
		"isBuyerMaker": true,
		"isBestMatch": true
	},
	{
		"id": 543,
		"price": "0.41250000",
		"qty": "208.00000000",
		"quoteQty": "85.80000000",
		"time": 1662710433097,
		"isBuyerMaker": true,
		"isBestMatch": true
	},
	{
		"id": 544,
		"price": "0.41240000",
		"qty": "285.00000000",
		"quoteQty": "117.53400000",
		"time": 1662710433097,
		"isBuyerMaker": true,
		"isBestMatch": true
	},
	{
		"id": 545,
		"price": "0.41240000",
		"qty": "727.00000000",
		"quoteQty": "299.81480000",
		"time": 1662710433097,
		"isBuyerMaker": true,
		"isBestMatch": true
	},
	{
		"id": 546,
		"price": "0.41230000",
		"qty": "764.00000000",
		"quoteQty": "314.99720000",
		"time": 1662710433097,
		"isBuyerMaker": true,
		"isBestMatch": true
	},
	{
		"id": 547,
		"price": "0.41230000",
		"qty": "434.00000000",
		"quoteQty": "178.93820000",
		"time": 1662710433137,
		"isBuyerMaker": true,
		"isBestMatch": true
	},
	{
		"id": 548,
		"price": "0.41230000",
		"qty": "493.00000000",
		"quoteQty": "203.26390000",
		"time": 1662710433137,
		"isBuyerMaker": true,
		"isBestMatch": true
	},
	{
		"id": 549,
		"price": "0.40920000",
		"qty": "25.00000000",
		"quoteQty": "10.23000000",
		"time": 1662710433137,
		"isBuyerMaker": true,
		"isBestMatch": true
	},
	{
		"id": 550,
		"price": "0.40920000",
		"qty": "25.00000000",
		"quoteQty": "10.23000000",
		"time": 1662710433137,
		"isBuyerMaker": true,
		"isBestMatch": true
	},
	{
		"id": 551,
		"price": "0.40920000",
		"qty": "25.00000000",
		"quoteQty": "10.23000000",
		"time": 1662710433137,
		"isBuyerMaker": true,
		"isBestMatch": true
	},
	{
		"id": 552,
		"price": "0.40920000",
		"qty": "25.00000000",
		"quoteQty": "10.23000000",
		"time": 1662710433137,
		"isBuyerMaker": true,
		"isBestMatch": true
	},
	{
		"id": 553,
		"price": "0.40920000",
		"qty": "25.00000000",
		"quoteQty": "10.23000000",
		"time": 1662710433137,
		"isBuyerMaker": true,
		"isBestMatch": true
	},
	{
		"id": 554,
		"price": "0.40920000",
		"qty": "25.00000000",
		"quoteQty": "10.23000000",
		"time": 1662710433137,
		"isBuyerMaker": true,
		"isBestMatch": true
	},
	{
		"id": 555,
		"price": "0.40920000",
		"qty": "25.00000000",
		"quoteQty": "10.23000000",
		"time": 1662710433137,
		"isBuyerMaker": true,
		"isBestMatch": true
	},
	{
		"id": 556,
		"price": "0.40920000",
		"qty": "25.00000000",
		"quoteQty": "10.23000000",
		"time": 1662710433137,
		"isBuyerMaker": true,
		"isBestMatch": true
	},
	{
		"id": 557,
		"price": "0.40920000",
		"qty": "25.00000000",
		"quoteQty": "10.23000000",
		"time": 1662710433137,
		"isBuyerMaker": true,
		"isBestMatch": true
	},
	{
		"id": 558,
		"price": "0.40920000",
		"qty": "18.00000000",
		"quoteQty": "7.36560000",
		"time": 1662710433137,
		"isBuyerMaker": true,
		"isBestMatch": true
	},
	{
		"id": 559,
		"price": "0.40810000",
		"qty": "1189.00000000",
		"quoteQty": "485.23090000",
		"time": 1662710433137,
		"isBuyerMaker": true,
		"isBestMatch": true
	},
	{
		"id": 560,
		"price": "0.41390000",
		"qty": "24.00000000",
		"quoteQty": "9.93360000",
		"time": 1662710433329,
		"isBuyerMaker": false,
		"isBestMatch": true
	},
	{
		"id": 561,
		"price": "0.41200000",
		"qty": "287.00000000",
		"quoteQty": "118.24400000",
		"time": 1662710433386,
		"isBuyerMaker": true,
		"isBestMatch": true
	},
	{
		"id": 562,
		"price": "0.41200000",
		"qty": "144.00000000",
		"quoteQty": "59.32800000",
		"time": 1662710433470,
		"isBuyerMaker": true,
		"isBestMatch": true
	},
	{
		"id": 563,
		"price": "0.41200000",
		"qty": "325.00000000",
		"quoteQty": "133.90000000",
		"time": 1662710433568,
		"isBuyerMaker": true,
		"isBestMatch": true
	},
	{
		"id": 564,
		"price": "0.41200000",
		"qty": "325.00000000",
		"quoteQty": "133.90000000",
		"time": 1662710433727,
		"isBuyerMaker": true,
		"isBestMatch": true
	},
	{
		"id": 565,
		"price": "0.41200000",
		"qty": "161.00000000",
		"quoteQty": "66.33200000",
		"time": 1662710433798,
		"isBuyerMaker": true,
		"isBestMatch": true
	},
	{
		"id": 566,
		"price": "0.41200000",
		"qty": "120.00000000",
		"quoteQty": "49.44000000",
		"time": 1662710433913,
		"isBuyerMaker": true,
		"isBestMatch": true
	},
	{
		"id": 567,
		"price": "0.41200000",
		"qty": "178.00000000",
		"quoteQty": "73.33600000",
		"time": 1662710434031,
		"isBuyerMaker": true,
		"isBestMatch": true
	},
	{
		"id": 568,
		"price": "0.41200000",
		"qty": "96.00000000",
		"quoteQty": "39.55200000",
		"time": 1662710434071,
		"isBuyerMaker": true,
		"isBestMatch": true
	},
	{
		"id": 569,
		"price": "0.41200000",
		"qty": "36.00000000",
		"quoteQty": "14.83200000",
		"time": 1662710434385,
		"isBuyerMaker": true,
		"isBestMatch": true
	},
	{
		"id": 570,
		"price": "0.41200000",
		"qty": "36.00000000",
		"quoteQty": "14.83200000",
		"time": 1662710434491,
		"isBuyerMaker": true,
		"isBestMatch": true
	},
	{
		"id": 571,
		"price": "0.41380000",
		"qty": "26.00000000",
		"quoteQty": "10.75880000",
		"time": 1662710434556,
		"isBuyerMaker": false,
		"isBestMatch": true
	},
	{
		"id": 572,
		"price": "0.41200000",
		"qty": "323.00000000",
		"quoteQty": "133.07600000",
		"time": 1662710434560,
		"isBuyerMaker": true,
		"isBestMatch": true
	},
	{
		"id": 573,
		"price": "0.41370000",
		"qty": "36.00000000",
		"quoteQty": "14.89320000",
		"time": 1662710434620,
		"isBuyerMaker": true,
		"isBestMatch": true
	},
	{
		"id": 574,
		"price": "0.41370000",
		"qty": "323.00000000",
		"quoteQty": "133.62510000",
		"time": 1662710434780,
		"isBuyerMaker": true,
		"isBestMatch": true
	},
	{
		"id": 575,
		"price": "0.41370000",
		"qty": "388.00000000",
		"quoteQty": "160.51560000",
		"time": 1662710435272,
		"isBuyerMaker": true,
		"isBestMatch": true
	},
	{
		"id": 576,
		"price": "0.41370000",
		"qty": "36.00000000",
		"quoteQty": "14.89320000",
		"time": 1662710435483,
		"isBuyerMaker": true,
		"isBestMatch": true
	},
	{
		"id": 577,
		"price": "0.41370000",
		"qty": "36.00000000",
		"quoteQty": "14.89320000",
		"time": 1662710435564,
		"isBuyerMaker": true,
		"isBestMatch": true
	},
	{
		"id": 578,
		"price": "0.41370000",
		"qty": "36.00000000",
		"quoteQty": "14.89320000",
		"time": 1662710435639,
		"isBuyerMaker": true,
		"isBestMatch": true
	},
	{
		"id": 579,
		"price": "0.41370000",
		"qty": "45.00000000",
		"quoteQty": "18.61650000",
		"time": 1662710435668,
		"isBuyerMaker": true,
		"isBestMatch": true
	},
	{
		"id": 580,
		"price": "0.41370000",
		"qty": "110.00000000",
		"quoteQty": "45.50700000",
		"time": 1662710435668,
		"isBuyerMaker": true,
		"isBestMatch": true
	},
	{
		"id": 581,
		"price": "0.41230000",
		"qty": "111.00000000",
		"quoteQty": "45.76530000",
		"time": 1662710435971,
		"isBuyerMaker": true,
		"isBestMatch": true
	},
	{
		"id": 582,
		"price": "0.41200000",
		"qty": "447.00000000",
		"quoteQty": "184.16400000",
		"time": 1662710435971,
		"isBuyerMaker": true,
		"isBestMatch": true
	},
	{
		"id": 583,
		"price": "0.41200000",
		"qty": "487.00000000",
		"quoteQty": "200.64400000",
		"time": 1662710435971,
		"isBuyerMaker": true,
		"isBestMatch": true
	},
	{
		"id": 584,
		"price": "0.41150000",
		"qty": "140.00000000",
		"quoteQty": "57.61000000",
		"time": 1662710435971,
		"isBuyerMaker": true,
		"isBestMatch": true
	},
	{
		"id": 585,
		"price": "0.41150000",
		"qty": "1249.00000000",
		"quoteQty": "513.96350000",
		"time": 1662710435971,
		"isBuyerMaker": true,
		"isBestMatch": true
	},
	{
		"id": 586,
		"price": "0.41160000",
		"qty": "595.00000000",
		"quoteQty": "244.90200000",
		"time": 1662710436150,
