[
	{
		"id": 0,
		"price": "12.07000000",
		"qty": "0.82900000",
		"quoteQty": "10.00603000",
		"time": 1660896000000,
		"isBuyerMaker": false,
		"isBestMatch": true
	},
	{
		"id": 1,
		"price": "12.96000000",
		"qty": "12.26800000",
		"quoteQty": "158.99328000",
		"time": 1660896000016,
		"isBuyerMaker": false,
		"isBestMatch": true
	},
	{
		"id": 2,
		"price": "11.80000000",
		"qty": "84.74500000",
		"quoteQty": "999.99100000",
		"time": 1660896000138,
		"isBuyerMaker": false,
		"isBestMatch": true
	},
	{
		"id": 3,
		"price": "11.80000000",
		"qty": "188.74500000",
		"quoteQty": "2227.19100000",
		"time": 1660896000816,
		"isBuyerMaker": false,
		"isBestMatch": true
	},
	{
		"id": 4,
		"price": "11.80000000",
		"qty": "16.49000000",
		"quoteQty": "194.58200000",
		"time": 1660896001624,
		"isBuyerMaker": false,
		"isBestMatch": true
	},
	{
		"id": 5,
		"price": "11.80000000",
		"qty": "2.40000000",
		"quoteQty": "28.32000000",
		"time": 1660896001824,
		"isBuyerMaker": false,
		"isBestMatch": true
	},
	{
		"id": 6,
		"price": "11.80000000",
		"qty": "35.05500000",
		"quoteQty": "413.64900000",
		"time": 1660896001861,
		"isBuyerMaker": false,
		"isBestMatch": true
	},
	{
		"id": 7,
		"price": "11.80000000",
		"qty": "26.27100000",
		"quoteQty": "309.99780000",
		"time": 1660896002061,
		"isBuyerMaker": false,
		"isBestMatch": true
	},
	{
		"id": 8,
		"price": "11.79000000",
		"qty": "0.92700000",
		"quoteQty": "10.92933000",
		"time": 1660896003153,
		"isBuyerMaker": false,
		"isBestMatch": true
	},
	{
		"id": 9,
		"price": "11.79000000",
		"qty": "76.33400000",
		"quoteQty": "899.97786000",
		"time": 1660896003334,
		"isBuyerMaker": false,
		"isBestMatch": true
	},
	{
		"id": 10,
		"price": "11.55000000",
		"qty": "22.39600000",
		"quoteQty": "258.67380000",
		"time": 1660896004632,
		"isBuyerMaker": true,
		"isBestMatch": true
	},
	{
		"id": 11,
		"price": "11.55000000",
		"qty": "3.44900000",
		"quoteQty": "39.83595000",
		"time": 1660896004632,
		"isBuyerMaker": true,
		"isBestMatch": true
	},
	{
		"id": 12,
		"price": "11.78000000",
		"qty": "22.39600000",
		"quoteQty": "263.82488000",
		"time": 1660896004894,
		"isBuyerMaker": false,
		"isBestMatch": true
	},
	{
		"id": 13,
		"price": "11.79000000",
		"qty": "8.23200000",
		"quoteQty": "97.05528000",
		"time": 1660896004894,
		"isBuyerMaker": false,
		"isBestMatch": true
	},
	{
		"id": 14,
		"price": "11.57000000",
		"qty": "23.29600000",
		"quoteQty": "269.53472000",
		"time": 1660896005050,
		"isBuyerMaker": true,
		"isBestMatch": true
	},
	{
		"id": 15,
		"price": "11.56000000",
		"qty": "20.67800000",
		"quoteQty": "239.03768000",
		"time": 1660896005050,
		"isBuyerMaker": true,
		"isBestMatch": true
	},
	{
		"id": 16,
		"price": "11.62000000",
		"qty": "14.29300000",
		"quoteQty": "166.08466000",
		"time": 1660896005867,
		"isBuyerMaker": false,
		"isBestMatch": true
	},
	{
		"id": 17,
		"price": "11.61000000",
		"qty": "1.72200000",
		"quoteQty": "19.99242000",
		"time": 1660896006072,
		"isBuyerMaker": false,
		"isBestMatch": true
	},
	{
		"id": 18,
		"price": "11.58000000",
		"qty": "23.37900000",
		"quoteQty": "270.72882000",
		"time": 1660896006877,
		"isBuyerMaker": true,
		"isBestMatch": true
	},
	{
		"id": 19,
		"price": "11.57000000",
		"qty": "23.11400000",
		"quoteQty": "267.42898000",
		"time": 1660896006877,
		"isBuyerMaker": true,
		"isBestMatch": true
	},
	{
		"id": 20,
		"price": "11.50000000",
		"qty": "31.23100000",
		"quoteQty": "359.15650000",
		"time": 1660896006877,
		"isBuyerMaker": true,
		"isBestMatch": true
	},
	{
		"id": 21,
		"price": "11.51000000",
		"qty": "22.31600000",
		"quoteQty": "256.85716000",
		"time": 1660896007774,
		"isBuyerMaker": true,
		"isBestMatch": true
	},
	{
		"id": 22,
		"price": "11.48000000",
		"qty": "62.03000000",
		"quoteQty": "712.10440000",
		"time": 1660896007774,
		"isBuyerMaker": true,
		"isBestMatch": true
	},
	{
		"id": 23,
		"price": "11.50000000",
		"qty": "26.08600000",
		"quoteQty": "299.98900000",
		"time": 1660896007985,
		"isBuyerMaker": true,
		"isBestMatch": true
	},
	{
		"id": 24,
		"price": "11.50000000",
		"qty": "0.18500000",
		"quoteQty": "2.12750000",
		"time": 1660896007985,
		"isBuyerMaker": true,
		"isBestMatch": true
	},
	{
		"id": 25,
		"price": "11.50000000",
		"qty": "126.51700000",
		"quoteQty": "1454.94550000",
		"time": 1660896008250,
		"isBuyerMaker": true,
		"isBestMatch": true
	},
	{
		"id": 26,
		"price": "11.49000000",
		"qty": "293.12000000",
		"quoteQty": "3367.94880000",
		"time": 1660896008250,
		"isBuyerMaker": true,
		"isBestMatch": true
	},
	{
		"id": 27,
		"price": "11.32000000",
		"qty": "7.41400000",
		"quoteQty": "83.92648000",
		"time": 1660896008250,
		"isBuyerMaker": true,
		"isBestMatch": true
	},
	{
		"id": 28,
		"price": "11.24000000",
		"qty": "8.00700000",
		"quoteQty": "89.99868000",
		"time": 1660896008250,
		"isBuyerMaker": true,
		"isBestMatch": true
	},
	{
		"id": 29,
		"price": "11.24000000",
		"qty": "24.02100000",
		"quoteQty": "269.99604000",
		"time": 1660896008250,
		"isBuyerMaker": true,
		"isBestMatch": true
	},
	{
		"id": 30,
		"price": "11.23000000",
		"qty": "2.43000000",
		"quoteQty": "27.28890000",
		"time": 1660896008250,
		"isBuyerMaker": true,
		"isBestMatch": true
	},
	{
		"id": 31,
		"price": "11.23000000",
		"qty": "15.35700000",
		"quoteQty": "172.45911000",
		"time": 1660896008250,
		"isBuyerMaker": true,
		"isBestMatch": true
	},
	{
		"id": 32,
		"price": "11.22000000",
		"qty": "7.80500000",
		"quoteQty": "87.57210000",
		"time": 1660896008250,
		"isBuyerMaker": true,
		"isBestMatch": true
	},
	{
		"id": 33,
		"price": "11.20000000",
		"qty": "8.92600000",
		"quoteQty": "99.97120000",
		"time": 1660896008250,
		"isBuyerMaker": true,
		"isBestMatch": true
	},
	{
		"id": 34,
		"price": "11.18000000",
		"qty": "40.25000000",
		"quoteQty": "449.99500000",
		"time": 1660896008250,
		"isBuyerMaker": true,
		"isBestMatch": true
	},
	{
		"id": 35,
		"price": "11.17000000",
		"qty": "43.87100000",
		"quoteQty": "490.03907000",
		"time": 1660896008250,
		"isBuyerMaker": true,
		"isBestMatch": true
	},
	{
		"id": 36,
		"price": "11.11000000",
		"qty": "359.40600000",
		"quoteQty": "3993.00066000",
		"time": 1660896008250,
		"isBuyerMaker": true,
		"isBestMatch": true
	},
	{
		"id": 37,
		"price": "11.07000000",
		"qty": "45.08900000",
		"quoteQty": "499.13523000",
		"time": 1660896008250,
		"isBuyerMaker": true,
		"isBestMatch": true
	},
	{
		"id": 38,
		"price": "11.07000000",
		"qty": "45.08900000",
		"quoteQty": "499.13523000",
		"time": 1660896008250,
		"isBuyerMaker": true,
		"isBestMatch": true
	},
	{
		"id": 39,
		"price": "11.07000000",
		"qty": "45.08900000",
		"quoteQty": "499.13523000",
		"time": 1660896008250,
		"isBuyerMaker": true,
		"isBestMatch": true
	},
	{
		"id": 40,
		"price": "11.07000000",
		"qty": "45.08900000",
		"quoteQty": "499.13523000",
		"time": 1660896008250,
		"isBuyerMaker": true,
		"isBestMatch": true
	},
	{
		"id": 41,
		"price": "11.07000000",
		"qty": "45.08900000",
		"quoteQty": "499.13523000",
		"time": 1660896008250,
		"isBuyerMaker": true,
		"isBestMatch": true
	},
	{
		"id": 42,
		"price": "11.07000000",
		"qty": "45.08900000",
		"quoteQty": "499.13523000",
		"time": 1660896008250,
		"isBuyerMaker": true,
		"isBestMatch": true
	},
	{
		"id": 43,
		"price": "11.07000000",
		"qty": "45.08900000",
		"quoteQty": "499.13523000",
		"time": 1660896008250,
		"isBuyerMaker": true,
		"isBestMatch": true
	},
	{
		"id": 44,
		"price": "11.07000000",
		"qty": "45.08900000",
		"quoteQty": "499.13523000",
		"time": 1660896008250,
		"isBuyerMaker": true,
		"isBestMatch": true
	},
	{
		"id": 45,
		"price": "11.07000000",
		"qty": "45.08900000",
		"quoteQty": "499.13523000",
		"time": 1660896008250,
		"isBuyerMaker": true,
		"isBestMatch": true
	},
	{
		"id": 46,
		"price": "11.07000000",
		"qty": "45.08000000",
		"quoteQty": "499.03560000",
		"time": 1660896008250,
		"isBuyerMaker": true,
		"isBestMatch": true
	},
	{
		"id": 47,
		"price": "11.03000000",
		"qty": "107.70600000",
		"quoteQty": "1187.99718000",
		"time": 1660896008250,
		"isBuyerMaker": true,
		"isBestMatch": true
	},
	{
		"id": 48,
		"price": "11.03000000",
		"qty": "71.80400000",
		"quoteQty": "791.99812000",
		"time": 1660896008250,
		"isBuyerMaker": true,
		"isBestMatch": true
	},
	{
		"id": 49,
		"price": "11.00000000",
		"qty": "630.54500000",
		"quoteQty": "6935.99500000",
		"time": 1660896008250,
		"isBuyerMaker": true,
		"isBestMatch": true
	},
	{
		"id": 50,
		"price": "10.99000000",
		"qty": "421.17100000",
		"quoteQty": "4628.66929000",
		"time": 1660896008250,
		"isBuyerMaker": true,
		"isBestMatch": true
	},
	{
		"id": 51,
		"price": "10.97000000",
		"qty": "272.99400000",
		"quoteQty": "2994.74418000",
		"time": 1660896008250,
		"isBuyerMaker": true,
		"isBestMatch": true
	},
	{
		"id": 52,
		"price": "10.97000000",
		"qty": "18.22900000",
		"quoteQty": "199.97213000",
		"time": 1660896008250,
		"isBuyerMaker": true,
		"isBestMatch": true
	},
	{
		"id": 53,
		"price": "10.91000000",
		"qty": "9.07400000",
		"quoteQty": "98.99734000",
		"time": 1660896008250,
		"isBuyerMaker": true,
		"isBestMatch": true
	},
	{
		"id": 54,
		"price": "10.80000000",
		"qty": "166.37500000",
		"quoteQty": "1796.85000000",
		"time": 1660896008250,
		"isBuyerMaker": true,
		"isBestMatch": true
	},
	{
		"id": 55,
		"price": "10.74000000",
		"qty": "278.84100000",
		"quoteQty": "2994.75234000",
		"time": 1660896008250,
		"isBuyerMaker": true,
		"isBestMatch": true
	},
	{
		"id": 56,
		"price": "10.73000000",
		"qty": "92.26400000",
		"quoteQty": "989.99272000",
		"time": 1660896008250,
		"isBuyerMaker": true,
		"isBestMatch": true
	},
	{
		"id": 57,
		"price": "10.71000000",
		"qty": "111.84800000",
		"quoteQty": "1197.89208000",
		"time": 1660896008250,
		"isBuyerMaker": true,
		"isBestMatch": true
	},
	{
		"id": 58,
		"price": "10.70000000",
		"qty": "428.85500000",
		"quoteQty": "4588.74850000",
		"time": 1660896008250,
		"isBuyerMaker": true,
		"isBestMatch": true
	},
	{
		"id": 59,
		"price": "10.68000000",
		"qty": "9.26900000",
		"quoteQty": "98.99292000",
		"time": 1660896008250,
		"isBuyerMaker": true,
		"isBestMatch": true
	},
	{
		"id": 60,
		"price": "10.50000000",
		"qty": "22.22000000",
		"quoteQty": "233.31000000",
		"time": 1660896008250,
		"isBuyerMaker": true,
		"isBestMatch": true
	},
	{
		"id": 61,
		"price": "10.40000000",
		"qty": "171.07000000",
		"quoteQty": "1779.12800000",
		"time": 1660896008250,
		"isBuyerMaker": true,
		"isBestMatch": true
	},
	{
		"id": 62,
		"price": "11.00000000",
		"qty": "0.92700000",
		"quoteQty": "10.19700000",
		"time": 1660896008296,
		"isBuyerMaker": false,
		"isBestMatch": true
	},
	{
		"id": 63,
		"price": "11.00000000",
		"qty": "0.92700000",
		"quoteQty": "10.19700000",
		"time": 1660896008296,
		"isBuyerMaker": false,
		"isBestMatch": true
	},
	{
		"id": 64,
		"price": "11.00000000",
		"qty": "0.92700000",
		"quoteQty": "10.19700000",
		"time": 1660896008296,
		"isBuyerMaker": false,
		"isBestMatch": true
	},
	{
		"id": 65,
		"price": "11.00000000",
		"qty": "0.92700000",
		"quoteQty": "10.19700000",
		"time": 1660896008296,
		"isBuyerMaker": false,
		"isBestMatch": true
	},
	{
		"id": 66,
		"price": "11.00000000",
		"qty": "0.92700000",
		"quoteQty": "10.19700000",
		"time": 1660896008296,
		"isBuyerMaker": false,
		"isBestMatch": true
	},
	{
		"id": 67,
		"price": "11.00000000",
		"qty": "0.92700000",
		"quoteQty": "10.19700000",
		"time": 1660896008296,
		"isBuyerMaker": false,
		"isBestMatch": true
	},
	{
		"id": 68,
		"price": "11.00000000",
		"qty": "0.92700000",
		"quoteQty": "10.19700000",
		"time": 1660896008296,
		"isBuyerMaker": false,
		"isBestMatch": true
	},
	{
		"id": 69,
		"price": "11.00000000",
		"qty": "0.92700000",
		"quoteQty": "10.19700000",
		"time": 1660896008296,
		"isBuyerMaker": false,
		"isBestMatch": true
	},
	{
		"id": 70,
		"price": "11.00000000",
		"qty": "0.92700000",
		"quoteQty": "10.19700000",
		"time": 1660896008296,
		"isBuyerMaker": false,
		"isBestMatch": true
	},
	{
		"id": 71,
		"price": "11.00000000",
		"qty": "0.92600000",
		"quoteQty": "10.18600000",
		"time": 1660896008296,
		"isBuyerMaker": false,
		"isBestMatch": true
	},
	{
		"id": 72,
		"price": "10.95000000",
		"qty": "255.28000000",
		"quoteQty": "2795.31600000",
		"time": 1660896008311,
		"isBuyerMaker": false,
		"isBestMatch": true
	},
	{
		"id": 73,
		"price": "10.95000000",
		"qty": "3.02400000",
		"quoteQty": "33.11280000",
		"time": 1660896008313,
		"isBuyerMaker": false,
		"isBestMatch": true
	},
	{
		"id": 74,
		"price": "10.95000000",
		"qty": "20.53700000",
		"quoteQty": "224.88015000",
		"time": 1660896008317,
		"isBuyerMaker": false,
		"isBestMatch": true
	},
	{
		"id": 75,
		"price": "11.08000000",
		"qty": "159.32800000",
		"quoteQty": "1765.35424000",
		"time": 1660896008317,
		"isBuyerMaker": false,
		"isBestMatch": true
	},
	{
		"id": 76,
		"price": "11.08000000",
		"qty": "61.52000000",
		"quoteQty": "681.64160000",
		"time": 1660896008325,
		"isBuyerMaker": false,
		"isBestMatch": true
	},
	{
		"id": 77,
		"price": "10.92000000",
		"qty": "97.14000000",
		"quoteQty": "1060.76880000",
		"time": 1660896008333,
		"isBuyerMaker": true,
		"isBestMatch": true
	},
	{
		"id": 78,
		"price": "10.91000000",
		"qty": "4.57500000",
		"quoteQty": "49.91325000",
		"time": 1660896008333,
		"isBuyerMaker": true,
		"isBestMatch": true
	},
	{
		"id": 79,
		"price": "10.91000000",
		"qty": "4.57500000",
		"quoteQty": "49.91325000",
		"time": 1660896008333,
		"isBuyerMaker": true,
		"isBestMatch": true
	},
	{
		"id": 80,
		"price": "10.91000000",
		"qty": "4.57500000",
		"quoteQty": "49.91325000",
		"time": 1660896008333,
		"isBuyerMaker": true,
		"isBestMatch": true
	},
	{
		"id": 81,
		"price": "10.91000000",
		"qty": "4.57500000",
		"quoteQty": "49.91325000",
		"time": 1660896008333,
		"isBuyerMaker": true,
		"isBestMatch": true
	},
	{
		"id": 82,
		"price": "10.91000000",
		"qty": "4.57500000",
		"quoteQty": "49.91325000",
		"time": 1660896008333,
		"isBuyerMaker": true,
		"isBestMatch": true
	},
	{
		"id": 83,
		"price": "10.91000000",
		"qty": "4.57500000",
		"quoteQty": "49.91325000",
		"time": 1660896008333,
		"isBuyerMaker": true,
		"isBestMatch": true
	},
	{
		"id": 84,
		"price": "10.91000000",
		"qty": "4.57500000",
		"quoteQty": "49.91325000",
		"time": 1660896008333,
		"isBuyerMaker": true,
		"isBestMatch": true
	},
	{
		"id": 85,
		"price": "10.91000000",
		"qty": "4.57500000",
		"quoteQty": "49.91325000",
		"time": 1660896008333,
		"isBuyerMaker": true,
		"isBestMatch": true
	},
	{
		"id": 86,
		"price": "10.91000000",
		"qty": "4.57500000",
		"quoteQty": "49.91325000",
		"time": 1660896008333,
		"isBuyerMaker": true,
		"isBestMatch": true
	},
	{
		"id": 87,
		"price": "10.91000000",
		"qty": "4.57500000",
		"quoteQty": "49.91325000",
		"time": 1660896008333,
		"isBuyerMaker": true,
		"isBestMatch": true
	},
	{
		"id": 88,
		"price": "10.91000000",
		"qty": "4.57500000",
		"quoteQty": "49.91325000",
		"time": 1660896008333,
		"isBuyerMaker": true,
		"isBestMatch": true
	},
	{
		"id": 89,
		"price": "10.91000000",
		"qty": "4.57500000",
		"quoteQty": "49.91325000",
		"time": 1660896008333,
		"isBuyerMaker": true,
		"isBestMatch": true
	},
	{
		"id": 90,
		"price": "10.91000000",
		"qty": "4.57500000",
		"quoteQty": "49.91325000",
		"time": 1660896008333,
		"isBuyerMaker": true,
		"isBestMatch": true
	},
	{
		"id": 91,
		"price": "10.91000000",
		"qty": "4.57500000",
		"quoteQty": "49.91325000",
		"time": 1660896008333,
		"isBuyerMaker": true,
		"isBestMatch": true
	},
	{
		"id": 92,
		"price": "10.91000000",
		"qty": "4.57500000",
		"quoteQty": "49.91325000",
		"time": 1660896008333,
		"isBuyerMaker": true,
		"isBestMatch": true
	},
	{
		"id": 93,
		"price": "10.91000000",
		"qty": "4.57500000",
		"quoteQty": "49.91325000",
		"time": 1660896008333,
		"isBuyerMaker": true,
		"isBestMatch": true
	},
	{
		"id": 94,
		"price": "10.91000000",
		"qty": "0.73000000",
		"quoteQty": "7.96430000",
		"time": 1660896008333,
		"isBuyerMaker": true,
		"isBestMatch": true
	},
	{
		"id": 95,
		"price": "11.08000000",
		"qty": "6.15000000",
		"quoteQty": "68.14200000",
		"time": 1660896008374,
		"isBuyerMaker": false,
		"isBestMatch": true
	},
	{
		"id": 96,
		"price": "11.08000000",
		"qty": "18.31000000",
		"quoteQty": "202.87480000",
		"time": 1660896008379,
		"isBuyerMaker": false,
		"isBestMatch": true
	},
	{
		"id": 97,
		"price": "11.08000000",
		"qty": "1.79900000",
		"quoteQty": "19.93292000",
		"time": 1660896008381,
		"isBuyerMaker": false,
		"isBestMatch": true
	},
	{
		"id": 98,
		"price": "11.08000000",
		"qty": "21.54000000",
		"quoteQty": "238.66320000",
		"time": 1660896008384,
		"isBuyerMaker": false,
		"isBestMatch": true
	},
	{
		"id": 99,
		"price": "11.08000000",
		"qty": "4.34700000",
		"quoteQty": "48.16476000",
		"time": 1660896008384,
		"isBuyerMaker": false,
		"isBestMatch": true
	},
	{
		"id": 100,
		"price": "11.13000000",
		"qty": "0.90800000",
		"quoteQty": "10.10604000",
		"time": 1660896008403,
		"isBuyerMaker": false,
		"isBestMatch": true
	},
	{
		"id": 101,
		"price": "11.13000000",
		"qty": "0.90800000",
		"quoteQty": "10.10604000",
		"time": 1660896008403,
		"isBuyerMaker": false,
		"isBestMatch": true
	},
	{
		"id": 102,
		"price": "11.13000000",
		"qty": "0.90800000",
		"quoteQty": "10.10604000",
		"time": 1660896008403,
		"isBuyerMaker": false,
		"isBestMatch": true
	},
	{
		"id": 103,
		"price": "11.13000000",
		"qty": "0.90800000",
		"quoteQty": "10.10604000",
		"time": 1660896008403,
		"isBuyerMaker": false,
		"isBestMatch": true
	},
	{
		"id": 104,
		"price": "11.13000000",
		"qty": "0.90800000",
		"quoteQty": "10.10604000",
		"time": 1660896008403,
		"isBuyerMaker": false,
		"isBestMatch": true
	},
	{
		"id": 105,
		"price": "11.13000000",
		"qty": "0.90800000",
		"quoteQty": "10.10604000",
		"time": 1660896008403,
		"isBuyerMaker": false,
		"isBestMatch": true
	},
	{
		"id": 106,
		"price": "11.13000000",
		"qty": "0.90800000",
		"quoteQty": "10.10604000",
		"time": 1660896008403,
		"isBuyerMaker": false,
		"isBestMatch": true
	},
	{
		"id": 107,
		"price": "11.13000000",
		"qty": "0.90800000",
		"quoteQty": "10.10604000",
		"time": 1660896008403,
		"isBuyerMaker": false,
		"isBestMatch": true
	},
	{
		"id": 108,
		"price": "11.13000000",
		"qty": "0.90800000",
		"quoteQty": "10.10604000",
		"time": 1660896008403,
		"isBuyerMaker": false,
		"isBestMatch": true
	},
	{
		"id": 109,
		"price": "11.13000000",
		"qty": "0.90200000",
		"quoteQty": "10.03926000",
		"time": 1660896008403,
		"isBuyerMaker": false,
		"isBestMatch": true
	},
	{
		"id": 110,
		"price": "11.25000000",
		"qty": "8.54600000",
		"quoteQty": "96.14250000",
		"time": 1660896008403,
		"isBuyerMaker": false,
		"isBestMatch": true
	},
	{
		"id": 111,
		"price": "11.25000000",
		"qty": "9.68300000",
		"quoteQty": "108.93375000",
		"time": 1660896008432,
		"isBuyerMaker": false,
		"isBestMatch": true
	},
	{
		"id": 112,
		"price": "11.25000000",
		"qty": "8.07700000",
		"quoteQty": "90.86625000",
		"time": 1660896008432,
		"isBuyerMaker": false,
		"isBestMatch": true
	},
	{
		"id": 113,
		"price": "11.24000000",
		"qty": "36.60000000",
		"quoteQty": "411.38400000",
		"time": 1660896008529,
		"isBuyerMaker": true,
		"isBestMatch": true
	},
	{
		"id": 114,
		"price": "11.24000000",
		"qty": "37.33000000",
		"quoteQty": "419.58920000",
		"time": 1660896008537,
		"isBuyerMaker": true,
		"isBestMatch": true
	},
	{
		"id": 115,
		"price": "11.24000000",
		"qty": "36.11600000",
		"quoteQty": "405.94384000",
		"time": 1660896008768,
		"isBuyerMaker": false,
		"isBestMatch": true
	},
	{
		"id": 116,
		"price": "11.24000000",
		"qty": "4.13400000",
		"quoteQty": "46.46616000",
		"time": 1660896008773,
		"isBuyerMaker": false,
		"isBestMatch": true
	},
	{
		"id": 117,
		"price": "11.24000000",
		"qty": "24.02100000",
		"quoteQty": "269.99604000",
		"time": 1660896008773,
		"isBuyerMaker": false,
		"isBestMatch": true
	},
	{
		"id": 118,
		"price": "11.25000000",
		"qty": "3.10800000",
		"quoteQty": "34.96500000",
		"time": 1660896008773,
		"isBuyerMaker": false,
		"isBestMatch": true
	},
	{
		"id": 119,
		"price": "11.25000000",
		"qty": "4.85300000",
		"quoteQty": "54.59625000",
		"time": 1660896008773,
		"isBuyerMaker": false,
		"isBestMatch": true
	},
	{
		"id": 120,
		"price": "11.24000000",
		"qty": "7.41400000",
		"quoteQty": "83.33336000",
		"time": 1660896008811,
		"isBuyerMaker": false,
		"isBestMatch": true
	},
	{
		"id": 121,
		"price": "11.25000000",
		"qty": "6.33200000",
		"quoteQty": "71.23500000",
		"time": 1660896008811,
		"isBuyerMaker": false,
		"isBestMatch": true
	},
	{
		"id": 122,
		"price": "11.25000000",
		"qty": "11.18500000",
		"quoteQty": "125.83125000",
		"time": 1660896008811,
		"isBuyerMaker": false,
		"isBestMatch": true
	},
	{
		"id": 123,
		"price": "11.25000000",
		"qty": "11.18500000",
		"quoteQty": "125.83125000",
		"time": 1660896008811,
		"isBuyerMaker": false,
		"isBestMatch": true
	},
	{
		"id": 124,
		"price": "11.25000000",
		"qty": "11.18500000",
		"quoteQty": "125.83125000",
		"time": 1660896008811,
		"isBuyerMaker": false,
		"isBestMatch": true
	},
	{
		"id": 125,
		"price": "11.25000000",
		"qty": "11.18500000",
		"quoteQty": "125.83125000",
		"time": 1660896008811,
		"isBuyerMaker": false,
		"isBestMatch": true
	},
	{
		"id": 126,
		"price": "11.25000000",
		"qty": "11.18500000",
		"quoteQty": "125.83125000",
		"time": 1660896008811,
		"isBuyerMaker": false,
		"isBestMatch": true
	},
	{
		"id": 127,
		"price": "11.25000000",
		"qty": "11.18500000",
		"quoteQty": "125.83125000",
		"time": 1660896008811,
		"isBuyerMaker": false,
		"isBestMatch": true
	},
	{
		"id": 128,
		"price": "11.25000000",
		"qty": "11.18500000",
		"quoteQty": "125.83125000",
		"time": 1660896008811,
		"isBuyerMaker": false,
		"isBestMatch": true
	},
	{
		"id": 129,
		"price": "11.25000000",
		"qty": "11.18300000",
		"quoteQty": "125.80875000",
		"time": 1660896008811,
		"isBuyerMaker": false,
		"isBestMatch": true
	},
	{
		"id": 130,
		"price": "11.26000000",
		"qty": "7.76300000",
		"quoteQty": "87.41138000",
		"time": 1660896008834,
		"isBuyerMaker": false,
		"isBestMatch": true
	},
	{
		"id": 131,
		"price": "11.26000000",
		"qty": "0.04200000",
		"quoteQty": "0.47292000",
		"time": 1660896008834,
		"isBuyerMaker": false,
		"isBestMatch": true
	},
	{
		"id": 132,
		"price": "11.27000000",
		"qty": "7.72100000",
		"quoteQty": "87.01567000",
		"time": 1660896008834,
		"isBuyerMaker": false,
		"isBestMatch": true
	},
	{
		"id": 133,
		"price": "11.09000000",
		"qty": "84.54300000",
		"quoteQty": "937.58187000",
		"time": 1660896008978,
		"isBuyerMaker": true,
		"isBestMatch": true
	},
	{
		"id": 134,
		"price": "11.11000000",
		"qty": "8.92600000",
		"quoteQty": "99.16786000",
		"time": 1660896009041,
		"isBuyerMaker": true,
		"isBestMatch": true
	},
	{
		"id": 135,
		"price": "11.11000000",
		"qty": "43.87100000",
		"quoteQty": "487.40681000",
		"time": 1660896009076,
		"isBuyerMaker": true,
		"isBestMatch": true
	},
	{
		"id": 136,
		"price": "11.27000000",
		"qty": "15.08000000",
		"quoteQty": "169.95160000",
		"time": 1660896009197,
		"isBuyerMaker": false,
		"isBestMatch": true
	},
	{
		"id": 137,
		"price": "11.12000000",
		"qty": "77.31000000",
		"quoteQty": "859.68720000",
		"time": 1660896009237,
		"isBuyerMaker": true,
		"isBestMatch": true
	},
	{
		"id": 138,
		"price": "11.11000000",
		"qty": "6.68000000",
		"quoteQty": "74.21480000",
		"time": 1660896009254,
		"isBuyerMaker": false,
		"isBestMatch": true
	},
	{
		"id": 139,
		"price": "11.11000000",
		"qty": "9.95800000",
		"quoteQty": "110.63338000",
		"time": 1660896009261,
		"isBuyerMaker": false,
		"isBestMatch": true
	},
	{
		"id": 140,
		"price": "11.11000000",
		"qty": "6.40400000",
		"quoteQty": "71.14844000",
		"time": 1660896009261,
		"isBuyerMaker": false,
		"isBestMatch": true
	},
	{
		"id": 141,
		"price": "11.11000000",
		"qty": "5.58900000",
		"quoteQty": "62.09379000",
		"time": 1660896009275,
		"isBuyerMaker": false,
		"isBestMatch": true
	},
	{
		"id": 142,
		"price": "11.11000000",
		"qty": "4.64500000",
		"quoteQty": "51.60595000",
		"time": 1660896009284,
		"isBuyerMaker": false,
		"isBestMatch": true
	},
	{
		"id": 143,
		"price": "11.11000000",
		"qty": "0.94400000",
		"quoteQty": "10.48784000",
		"time": 1660896009284,
		"isBuyerMaker": false,
		"isBestMatch": true
	},
	{
		"id": 144,
		"price": "11.11000000",
		"qty": "15.60900000",
		"quoteQty": "173.41599000",
		"time": 1660896009335,
		"isBuyerMaker": false,
		"isBestMatch": true
	},
	{
		"id": 145,
		"price": "11.11000000",
		"qty": "0.08500000",
		"quoteQty": "0.94435000",
		"time": 1660896009341,
		"isBuyerMaker": false,
		"isBestMatch": true
	},
	{
		"id": 146,
		"price": "11.11000000",
		"qty": "15.52400000",
		"quoteQty": "172.47164000",
		"time": 1660896009341,
		"isBuyerMaker": false,
		"isBestMatch": true
	},
	{
		"id": 147,
		"price": "11.11000000",
		"qty": "1.11400000",
		"quoteQty": "12.37654000",
		"time": 1660896010045,
		"isBuyerMaker": false,
		"isBestMatch": true
	},
	{
		"id": 148,
		"price": "11.11000000",
		"qty": "16.65000000",
		"quoteQty": "184.98150000",
		"time": 1660896010045,
		"isBuyerMaker": false,
		"isBestMatch": true
	},
	{
		"id": 149,
		"price": "11.11000000",
		"qty": "17.76400000",
		"quoteQty": "197.35804000",
		"time": 1660896010046,
		"isBuyerMaker": false,
		"isBestMatch": true
	},
	{
		"id": 150,
		"price": "11.11000000",
		"qty": "11.28100000",
		"quoteQty": "125.33191000",
		"time": 1660896010053,
		"isBuyerMaker": false,
		"isBestMatch": true
	},
	{
		"id": 151,
		"price": "11.11000000",
		"qty": "6.57900000",
		"quoteQty": "73.09269000",
		"time": 1660896010053,
		"isBuyerMaker": false,
		"isBestMatch": true
	},
	{
		"id": 152,
		"price": "11.11000000",
		"qty": "14.09900000",
		"quoteQty": "156.63989000",
		"time": 1660896010101,
		"isBuyerMaker": false,
		"isBestMatch": true
	},
	{
		"id": 153,
		"price": "11.11000000",
		"qty": "21.57400000",
		"quoteQty": "239.68714000",
		"time": 1660896010101,
		"isBuyerMaker": false,
		"isBestMatch": true
	},
	{
		"id": 154,
		"price": "11.11000000",
		"qty": "26.56300000",
		"quoteQty": "295.11493000",
		"time": 1660896010101,
		"isBuyerMaker": false,
		"isBestMatch": true
	},
	{
		"id": 155,
		"price": "11.11000000",
		"qty": "3.27400000",
		"quoteQty": "36.37414000",
		"time": 1660896010101,
		"isBuyerMaker": false,
		"isBestMatch": true
	},
	{
		"id": 156,
		"price": "11.11000000",
		"qty": "4.85300000",
		"quoteQty": "53.91683000",
		"time": 1660896010101,
		"isBuyerMaker": false,
		"isBestMatch": true
	},
	{
		"id": 157,
		"price": "11.11000000",
		"qty": "4.85300000",
		"quoteQty": "53.91683000",
		"time": 1660896010103,
		"isBuyerMaker": false,
		"isBestMatch": true
	},
	{
		"id": 158,
		"price": "11.11000000",
		"qty": "1.73000000",
		"quoteQty": "19.22030000",
		"time": 1660896010114,
		"isBuyerMaker": false,
		"isBestMatch": true
	},
	{
		"id": 159,
		"price": "11.11000000",
		"qty": "1.92800000",
		"quoteQty": "21.42008000",
		"time": 1660896010137,
		"isBuyerMaker": false,
		"isBestMatch": true
	},
	{
		"id": 160,
		"price": "11.11000000",
		"qty": "5.87500000",
		"quoteQty": "65.27125000",
		"time": 1660896010137,
		"isBuyerMaker": false,
		"isBestMatch": true
	},
	{
		"id": 161,
		"price": "11.13000000",
		"qty": "10.77100000",
		"quoteQty": "119.88123000",
		"time": 1660896010303,
		"isBuyerMaker": false,
		"isBestMatch": true
	},
	{
		"id": 162,
		"price": "11.13000000",
		"qty": "2.86900000",
		"quoteQty": "31.93197000",
		"time": 1660896010303,
		"isBuyerMaker": false,
		"isBestMatch": true
	},
	{
		"id": 163,
		"price": "11.13000000",
		"qty": "3.73000000",
		"quoteQty": "41.51490000",
		"time": 1660896010316,
		"isBuyerMaker": false,
		"isBestMatch": true
	},
	{
		"id": 164,
		"price": "11.13000000",
		"qty": "4.17200000",
		"quoteQty": "46.43436000",
		"time": 1660896010340,
		"isBuyerMaker": false,
		"isBestMatch": true
	},
	{
		"id": 165,
		"price": "11.13000000",
		"qty": "6.23800000",
		"quoteQty": "69.42894000",
		"time": 1660896010340,
		"isBuyerMaker": false,
		"isBestMatch": true
	},
	{
		"id": 166,
		"price": "11.13000000",
		"qty": "0.94300000",
		"quoteQty": "10.49559000",
		"time": 1660896010352,
		"isBuyerMaker": false,
		"isBestMatch": true
	},
	{
		"id": 167,
		"price": "11.13000000",
		"qty": "10.70800000",
		"quoteQty": "119.18004000",
		"time": 1660896010352,
		"isBuyerMaker": false,
		"isBestMatch": true
	},
	{
		"id": 168,
		"price": "11.13000000",
		"qty": "0.06300000",
		"quoteQty": "0.70119000",
		"time": 1660896010364,
		"isBuyerMaker": false,
		"isBestMatch": true
	},
	{
		"id": 169,
		"price": "11.13000000",
		"qty": "7.18100000",
		"quoteQty": "79.92453000",
		"time": 1660896010364,
		"isBuyerMaker": false,
		"isBestMatch": true
	},
	{
		"id": 170,
		"price": "11.13000000",
		"qty": "4.40700000",
		"quoteQty": "49.04991000",
		"time": 1660896010364,
		"isBuyerMaker": false,
		"isBestMatch": true
	},
	{
		"id": 171,
		"price": "11.13000000",
		"qty": "6.36400000",
		"quoteQty": "70.83132000",
		"time": 1660896010419,
		"isBuyerMaker": false,
		"isBestMatch": true
	},
	{
		"id": 172,
		"price": "11.13000000",
		"qty": "7.10800000",
		"quoteQty": "79.11204000",
		"time": 1660896010419,
		"isBuyerMaker": false,
		"isBestMatch": true
	},
	{
		"id": 173,
		"price": "11.13000000",
		"qty": "0.07300000",
		"quoteQty": "0.81249000",
		"time": 1660896010423,
		"isBuyerMaker": false,
		"isBestMatch": true
	},
	{
		"id": 174,
		"price": "11.13000000",
		"qty": "10.77100000",
		"quoteQty": "119.88123000",
		"time": 1660896010423,
		"isBuyerMaker": false,
		"isBestMatch": true
	},
	{
		"id": 175,
		"price": "11.13000000",
		"qty": "2.62800000",
		"quoteQty": "29.24964000",
		"time": 1660896010423,
		"isBuyerMaker": false,
		"isBestMatch": true
	},
	{
		"id": 176,
		"price": "11.13000000",
		"qty": "4.55300000",
		"quoteQty": "50.67489000",
		"time": 1660896010473,
		"isBuyerMaker": false,
		"isBestMatch": true
	},
	{
		"id": 177,
		"price": "11.13000000",
		"qty": "10.68800000",
		"quoteQty": "118.95744000",
		"time": 1660896010473,
		"isBuyerMaker": false,
		"isBestMatch": true
	},
	{
		"id": 178,
		"price": "11.13000000",
		"qty": "0.08300000",
		"quoteQty": "0.92379000",
		"time": 1660896010479,
		"isBuyerMaker": false,
		"isBestMatch": true
	},
	{
		"id": 179,
		"price": "11.13000000",
		"qty": "7.18100000",
		"quoteQty": "79.92453000",
		"time": 1660896010479,
		"isBuyerMaker": false,
		"isBestMatch": true
	},
	{
		"id": 180,
		"price": "11.13000000",
		"qty": "7.97700000",
		"quoteQty": "88.78401000",
		"time": 1660896010479,
		"isBuyerMaker": false,
		"isBestMatch": true
	},
	{
		"id": 181,
		"price": "11.13000000",
		"qty": "2.79400000",
		"quoteQty": "31.09722000",
		"time": 1660896010529,
		"isBuyerMaker": false,
		"isBestMatch": true
	},
	{
		"id": 182,
		"price": "11.13000000",
		"qty": "2.97400000",
		"quoteQty": "33.10062000",
		"time": 1660896010529,
		"isBuyerMaker": false,
		"isBestMatch": true
	},
	{
		"id": 183,
		"price": "11.13000000",
		"qty": "4.20700000",
		"quoteQty": "46.82391000",
		"time": 1660896010556,
		"isBuyerMaker": false,
		"isBestMatch": true
	},
	{
		"id": 184,
		"price": "11.13000000",
		"qty": "1.56100000",
		"quoteQty": "17.37393000",
		"time": 1660896010556,
		"isBuyerMaker": false,
		"isBestMatch": true
	},
	{
		"id": 185,
		"price": "11.13000000",
		"qty": "9.21000000",
		"quoteQty": "102.50730000",
		"time": 1660896010592,
		"isBuyerMaker": false,
		"isBestMatch": true
	},
	{
		"id": 186,
		"price": "11.13000000",
		"qty": "7.09300000",
		"quoteQty": "78.94509000",
		"time": 1660896010592,
		"isBuyerMaker": false,
		"isBestMatch": true
	},
	{
		"id": 187,
		"price": "11.13000000",
		"qty": "0.08800000",
		"quoteQty": "0.97944000",
		"time": 1660896010626,
		"isBuyerMaker": false,
		"isBestMatch": true
	},
	{
		"id": 188,
		"price": "11.13000000",
		"qty": "10.71200000",
		"quoteQty": "119.22456000",
		"time": 1660896010626,
		"isBuyerMaker": false,
		"isBestMatch": true
	},
	{
		"id": 189,
		"price": "11.13000000",
		"qty": "0.05900000",
		"quoteQty": "0.65667000",
		"time": 1660896010636,
		"isBuyerMaker": false,
		"isBestMatch": true
	},
	{
		"id": 190,
		"price": "11.13000000",
		"qty": "7.14200000",
		"quoteQty": "79.49046000",
		"time": 1660896010636,
		"isBuyerMaker": false,
		"isBestMatch": true
	},
	{
		"id": 191,
		"price": "11.13000000",
		"qty": "0.03900000",
		"quoteQty": "0.43407000",
		"time": 1660896010694,
		"isBuyerMaker": false,
		"isBestMatch": true
	},
	{
		"id": 192,
		"price": "11.13000000",
		"qty": "9.55900000",
		"quoteQty": "106.39167000",
		"time": 1660896010694,
		"isBuyerMaker": false,
		"isBestMatch": true
	},
	{
		"id": 193,
		"price": "11.13000000",
		"qty": "1.20800000",
		"quoteQty": "13.44504000",
		"time": 1660896010703,
		"isBuyerMaker": false,
		"isBestMatch": true
	},
	{
		"id": 194,
		"price": "11.13000000",
		"qty": "7.18100000",
		"quoteQty": "79.92453000",
		"time": 1660896010703,
		"isBuyerMaker": false,
		"isBestMatch": true
	},
	{
		"id": 195,
		"price": "11.13000000",
		"qty": "1.20900000",
		"quoteQty": "13.45617000",
		"time": 1660896010703,
		"isBuyerMaker": false,
		"isBestMatch": true
	},
	{
		"id": 196,
		"price": "11.11000000",
		"qty": "21.43200000",
		"quoteQty": "238.10952000",
		"time": 1660896010929,
		"isBuyerMaker": true,
		"isBestMatch": true
	},
	{
		"id": 197,
		"price": "11.11000000",
		"qty": "22.57600000",
		"quoteQty": "250.81936000",
		"time": 1660896010929,
		"isBuyerMaker": true,
		"isBestMatch": true
	},
	{
		"id": 198,
		"price": "11.11000000",
		"qty": "22.06100000",
		"quoteQty": "245.09771000",
		"time": 1660896010929,
		"isBuyerMaker": true,
		"isBestMatch": true
	},
	{
		"id": 199,
		"price": "11.11000000",
		"qty": "22.69000000",
		"quoteQty": "252.08590000",
		"time": 1660896010929,
		"isBuyerMaker": true,
		"isBestMatch": true
	},
	{
		"id": 200,
		"price": "11.03000000",
		"qty": "9.00100000",
		"quoteQty": "99.28103000",
		"time": 1660896010947,
		"isBuyerMaker": false,
		"isBestMatch": true
	},
	{
		"id": 201,
		"price": "11.03000000",
		"qty": "18.08400000",
		"quoteQty": "199.46652000",
		"time": 1660896010947,
		"isBuyerMaker": false,
		"isBestMatch": true
	},
	{
		"id": 202,
		"price": "11.01000000",
		"qty": "5.01200000",
		"quoteQty": "55.18212000",
		"time": 1660896011101,
		"isBuyerMaker": false,
		"isBestMatch": true
	},
	{
		"id": 203,
		"price": "11.01000000",
		"qty": "1.71000000",
		"quoteQty": "18.82710000",
		"time": 1660896011124,
		"isBuyerMaker": false,
		"isBestMatch": true
	},
	{
		"id": 204,
		"price": "11.01000000",
		"qty": "9.24000000",
		"quoteQty": "101.73240000",
		"time": 1660896011146,
		"isBuyerMaker": false,
		"isBestMatch": true
	},
	{
		"id": 205,
		"price": "11.01000000",
		"qty": "10.06900000",
		"quoteQty": "110.85969000",
		"time": 1660896011191,
		"isBuyerMaker": false,
		"isBestMatch": true
	},
	{
		"id": 206,
		"price": "11.01000000",
		"qty": "0.05500000",
		"quoteQty": "0.60555000",
		"time": 1660896011199,
		"isBuyerMaker": false,
		"isBestMatch": true
	},
	{
		"id": 207,
		"price": "11.02000000",
		"qty": "10.01400000",
		"quoteQty": "110.35428000",
		"time": 1660896011199,
		"isBuyerMaker": false,
		"isBestMatch": true
	},
	{
		"id": 208,
		"price": "11.02000000",
		"qty": "6.08200000",
		"quoteQty": "67.02364000",
		"time": 1660896011219,
		"isBuyerMaker": false,
		"isBestMatch": true
	},
	{
		"id": 209,
		"price": "11.02000000",
		"qty": "5.33600000",
		"quoteQty": "58.80272000",
		"time": 1660896011231,
		"isBuyerMaker": false,
		"isBestMatch": true
	},
	{
		"id": 210,
		"price": "11.02000000",
		"qty": "17.86700000",
		"quoteQty": "196.89434000",
		"time": 1660896011231,
		"isBuyerMaker": false,
		"isBestMatch": true
	},
	{
		"id": 211,
		"price": "11.02000000",
		"qty": "4.19400000",
		"quoteQty": "46.21788000",
		"time": 1660896011251,
		"isBuyerMaker": false,
		"isBestMatch": true
	},
	{
		"id": 212,
		"price": "11.02000000",
		"qty": "1.86700000",
		"quoteQty": "20.57434000",
		"time": 1660896011251,
		"isBuyerMaker": false,
		"isBestMatch": true
	},
	{
		"id": 213,
		"price": "11.02000000",
		"qty": "17.21600000",
		"quoteQty": "189.72032000",
		"time": 1660896011261,
		"isBuyerMaker": false,
		"isBestMatch": true
	},
	{
		"id": 214,
		"price": "11.02000000",
		"qty": "3.49300000",
		"quoteQty": "38.49286000",
		"time": 1660896011329,
		"isBuyerMaker": false,
		"isBestMatch": true
	},
	{
		"id": 215,
		"price": "11.02000000",
		"qty": "14.37900000",
		"quoteQty": "158.45658000",
		"time": 1660896011329,
		"isBuyerMaker": false,
		"isBestMatch": true
	},
	{
		"id": 216,
		"price": "11.02000000",
		"qty": "8.26500000",
		"quoteQty": "91.08030000",
		"time": 1660896011413,
		"isBuyerMaker": false,
		"isBestMatch": true
	},
	{
		"id": 217,
		"price": "11.01000000",
		"qty": "4.06500000",
		"quoteQty": "44.75565000",
		"time": 1660896011699,
		"isBuyerMaker": true,
		"isBestMatch": true
	},
	{
		"id": 218,
		"price": "11.02000000",
		"qty": "0.04600000",
		"quoteQty": "0.50692000",
		"time": 1660896011822,
		"isBuyerMaker": false,
		"isBestMatch": true
	},
	{
		"id": 219,
		"price": "11.03000000",
		"qty": "64.34600000",
		"quoteQty": "709.73638000",
		"time": 1660896011822,
		"isBuyerMaker": false,
		"isBestMatch": true
	},
	{
		"id": 220,
		"price": "11.03000000",
		"qty": "5.15100000",
		"quoteQty": "56.81553000",
		"time": 1660896011845,
		"isBuyerMaker": false,
		"isBestMatch": true
	},
	{
		"id": 221,
		"price": "11.03000000",
		"qty": "3.36100000",
		"quoteQty": "37.07183000",
		"time": 1660896011885,
		"isBuyerMaker": false,
		"isBestMatch": true
	},
	{
		"id": 222,
		"price": "11.03000000",
		"qty": "17.94200000",
		"quoteQty": "197.90026000",
		"time": 1660896011937,
		"isBuyerMaker": false,
		"isBestMatch": true
	},
	{
		"id": 223,
		"price": "11.02000000",
		"qty": "27.22300000",
		"quoteQty": "299.99746000",
		"time": 1660896012064,
		"isBuyerMaker": true,
		"isBestMatch": true
	},
	{
		"id": 224,
		"price": "11.01000000",
		"qty": "317.10300000",
		"quoteQty": "3491.30403000",
		"time": 1660896012064,
		"isBuyerMaker": true,
		"isBestMatch": true
	},
	{
		"id": 225,
		"price": "11.03000000",
		"qty": "20.08000000",
		"quoteQty": "221.48240000",
		"time": 1660896012403,
		"isBuyerMaker": false,
		"isBestMatch": true
	},
	{
		"id": 226,
		"price": "11.03000000",
		"qty": "20.08000000",
		"quoteQty": "221.48240000",
		"time": 1660896012500,
		"isBuyerMaker": false,
		"isBestMatch": true
	},
	{
		"id": 227,
		"price": "11.03000000",
		"qty": "5.79200000",
		"quoteQty": "63.88576000",
		"time": 1660896013029,
		"isBuyerMaker": false,
		"isBestMatch": true
	},
	{
		"id": 228,
		"price": "11.03000000",
		"qty": "2.99800000",
		"quoteQty": "33.06794000",
		"time": 1660896013067,
		"isBuyerMaker": false,
		"isBestMatch": true
	},
	{
		"id": 229,
		"price": "11.03000000",
		"qty": "1.98500000",
		"quoteQty": "21.89455000",
		"time": 1660896013099,
		"isBuyerMaker": false,
		"isBestMatch": true
	},
	{
		"id": 230,
		"price": "11.03000000",
		"qty": "13.15000000",
		"quoteQty": "145.04450000",
		"time": 1660896013101,
		"isBuyerMaker": false,
		"isBestMatch": true
	},
	{
		"id": 231,
		"price": "11.03000000",
		"qty": "13.15000000",
		"quoteQty": "145.04450000",
		"time": 1660896013203,
		"isBuyerMaker": false,
		"isBestMatch": true
	},
	{
		"id": 232,
		"price": "11.02000000",
		"qty": "268.06000000",
		"quoteQty": "2954.02120000",
		"time": 1660896014069,
		"isBuyerMaker": true,
		"isBestMatch": true
	},
	{
		"id": 233,
		"price": "11.01000000",
		"qty": "23.53100000",
		"quoteQty": "259.07631000",
		"time": 1660896014069,
		"isBuyerMaker": true,
		"isBestMatch": true
	},
	{
		"id": 234,
		"price": "11.01000000",
		"qty": "22.66300000",
		"quoteQty": "249.51963000",
		"time": 1660896014069,
		"isBuyerMaker": true,
		"isBestMatch": true
	},
	{
		"id": 235,
		"price": "11.01000000",
		"qty": "21.79400000",
		"quoteQty": "239.95194000",
		"time": 1660896014069,
		"isBuyerMaker": true,
		"isBestMatch": true
	},
	{
		"id": 236,
		"price": "10.80000000",
		"qty": "7.72200000",
		"quoteQty": "83.39760000",
		"time": 1660896014069,
		"isBuyerMaker": true,
		"isBestMatch": true
	},
	{
		"id": 237,
		"price": "10.78000000",
		"qty": "9.27200000",
		"quoteQty": "99.95216000",
		"time": 1660896014069,
		"isBuyerMaker": true,
		"isBestMatch": true
	},
	{
		"id": 238,
		"price": "10.69000000",
		"qty": "2.55300000",
		"quoteQty": "27.29157000",
		"time": 1660896014069,
		"isBuyerMaker": true,
		"isBestMatch": true
	},
	{
		"id": 239,
		"price": "10.69000000",
		"qty": "8.19200000",
		"quoteQty": "87.57248000",
		"time": 1660896014069,
		"isBuyerMaker": true,
		"isBestMatch": true
	},
	{
		"id": 240,
		"price": "10.69000000",
		"qty": "25.25700000",
		"quoteQty": "269.99733000",
		"time": 1660896014069,
		"isBuyerMaker": true,
		"isBestMatch": true
	},
	{
		"id": 241,
		"price": "10.69000000",
		"qty": "1.61300000",
		"quoteQty": "17.24297000",
		"time": 1660896014069,
		"isBuyerMaker": true,
		"isBestMatch": true
	},
	{
		"id": 242,
		"price": "10.68000000",
		"qty": "45.88400000",
		"quoteQty": "490.04112000",
		"time": 1660896014069,
		"isBuyerMaker": true,
		"isBestMatch": true
	},
	{
		"id": 243,
		"price": "10.65000000",
		"qty": "16.98300000",
		"quoteQty": "180.86895000",
		"time": 1660896014069,
		"isBuyerMaker": true,
		"isBestMatch": true
	},
	{
		"id": 244,
		"price": "10.63000000",
		"qty": "3.18000000",
		"quoteQty": "33.80340000",
		"time": 1660896014069,
		"isBuyerMaker": true,
		"isBestMatch": true
	},
	{
		"id": 245,
		"price": "10.62000000",
		"qty": "112.79600000",
		"quoteQty": "1197.89352000",
		"time": 1660896014069,
		"isBuyerMaker": true,
		"isBestMatch": true
	},
	{
		"id": 246,
		"price": "10.58000000",
		"qty": "132.09300000",
		"quoteQty": "1397.54394000",
		"time": 1660896014069,
		"isBuyerMaker": true,
		"isBestMatch": true
	},
	{
		"id": 247,
		"price": "10.58000000",
		"qty": "2.83000000",
		"quoteQty": "29.94140000",
		"time": 1660896014069,
		"isBuyerMaker": true,
		"isBestMatch": true
	},
	{
		"id": 248,
		"price": "10.57000000",
		"qty": "2.80900000",
		"quoteQty": "29.69113000",
		"time": 1660896014069,
		"isBuyerMaker": true,
		"isBestMatch": true
	},
	{
		"id": 249,
		"price": "10.57000000",
		"qty": "94.34800000",
		"quoteQty": "997.25836000",
		"time": 1660896014069,
		"isBuyerMaker": true,
		"isBestMatch": true
	},
	{
		"id": 250,
		"price": "10.88000000",
		"qty": "2.25400000",
		"quoteQty": "24.52352000",
		"time": 1660896014187,
		"isBuyerMaker": false,
		"isBestMatch": true
	},
	{
		"id": 251,
		"price": "10.87000000",
		"qty": "23.53100000",
		"quoteQty": "255.78197000",
		"time": 1660896014207,
		"isBuyerMaker": false,
		"isBestMatch": true
	},
	{
		"id": 252,
		"price": "10.88000000",
		"qty": "19.54000000",
		"quoteQty": "212.59520000",
		"time": 1660896014207,
		"isBuyerMaker": false,
		"isBestMatch": true
	},
	{
		"id": 253,
		"price": "10.87000000",
		"qty": "1.49100000",
		"quoteQty": "16.20717000",
		"time": 1660896014216,
		"isBuyerMaker": false,
		"isBestMatch": true
	},
	{
		"id": 254,
		"price": "10.86000000",
		"qty": "2.43000000",
		"quoteQty": "26.38980000",
		"time": 1660896014258,
		"isBuyerMaker": false,
		"isBestMatch": true
	},
	{
		"id": 255,
		"price": "10.87000000",
		"qty": "21.17200000",
		"quoteQty": "230.13964000",
		"time": 1660896014258,
		"isBuyerMaker": false,
		"isBestMatch": true
	},
	{
		"id": 256,
		"price": "10.89000000",
		"qty": "4.58900000",
		"quoteQty": "49.97421000",
		"time": 1660896014269,
		"isBuyerMaker": false,
		"isBestMatch": true
	},
	{
		"id": 257,
		"price": "10.89000000",
		"qty": "2.03100000",
		"quoteQty": "22.11759000",
		"time": 1660896014269,
		"isBuyerMaker": false,
		"isBestMatch": true
	},
	{
		"id": 258,
		"price": "10.89000000",
		"qty": "2.55800000",
		"quoteQty": "27.85662000",
		"time": 1660896014271,
		"isBuyerMaker": false,
		"isBestMatch": true
	},
	{
		"id": 259,
		"price": "10.89000000",
		"qty": "4.58900000",
		"quoteQty": "49.97421000",
		"time": 1660896014271,
		"isBuyerMaker": false,
		"isBestMatch": true
	},
	{
		"id": 260,
		"price": "10.89000000",
		"qty": "4.58900000",
		"quoteQty": "49.97421000",
		"time": 1660896014271,
		"isBuyerMaker": false,
		"isBestMatch": true
	},
	{
		"id": 261,
		"price": "10.89000000",
		"qty": "1.91900000",
		"quoteQty": "20.89791000",
		"time": 1660896014271,
		"isBuyerMaker": false,
		"isBestMatch": true
	},
	{
		"id": 262,
		"price": "10.67000000",
		"qty": "5.58000000",
		"quoteQty": "59.53860000",
		"time": 1660896014286,
		"isBuyerMaker": true,
		"isBestMatch": true
	},
	{
		"id": 263,
		"price": "10.67000000",
		"qty": "3.69200000",
		"quoteQty": "39.39364000",
		"time": 1660896014286,
		"isBuyerMaker": true,
		"isBestMatch": true
	},
	{
		"id": 264,
		"price": "10.86000000",
		"qty": "1.44000000",
		"quoteQty": "15.63840000",
		"time": 1660896014306,
		"isBuyerMaker": false,
		"isBestMatch": true
	},
	{
		"id": 265,
		"price": "10.86000000",
		"qty": "1.58000000",
		"quoteQty": "17.15880000",
		"time": 1660896014309,
		"isBuyerMaker": false,
		"isBestMatch": true
	},
	{
		"id": 266,
		"price": "10.88000000",
		"qty": "2.43000000",
		"quoteQty": "26.43840000",
		"time": 1660896014426,
		"isBuyerMaker": false,
		"isBestMatch": true
	},
	{
		"id": 267,
		"price": "10.88000000",
		"qty": "16.98300000",
		"quoteQty": "184.77504000",
		"time": 1660896014426,
		"isBuyerMaker": false,
		"isBestMatch": true
	},
	{
		"id": 268,
		"price": "10.88000000",
		"qty": "7.72200000",
		"quoteQty": "84.01536000",
		"time": 1660896014426,
		"isBuyerMaker": false,
		"isBestMatch": true
	},
	{
		"id": 269,
		"price": "10.88000000",
		"qty": "25.25700000",
		"quoteQty": "274.79616000",
		"time": 1660896014426,
		"isBuyerMaker": false,
		"isBestMatch": true
	},
	{
		"id": 270,
		"price": "10.88000000",
		"qty": "3.02000000",
		"quoteQty": "32.85760000",
		"time": 1660896014426,
		"isBuyerMaker": false,
		"isBestMatch": true
	},
	{
		"id": 271,
		"price": "10.88000000",
		"qty": "15.35700000",
		"quoteQty": "167.08416000",
		"time": 1660896014426,
		"isBuyerMaker": false,
		"isBestMatch": true
	},
	{
		"id": 272,
		"price": "10.89000000",
		"qty": "2.67000000",
		"quoteQty": "29.07630000",
		"time": 1660896014442,
		"isBuyerMaker": false,
		"isBestMatch": true
	},
	{
		"id": 273,
		"price": "10.89000000",
		"qty": "4.58900000",
		"quoteQty": "49.97421000",
		"time": 1660896014442,
		"isBuyerMaker": false,
		"isBestMatch": true
	},
	{
		"id": 274,
		"price": "10.89000000",
		"qty": "4.58900000",
		"quoteQty": "49.97421000",
		"time": 1660896014442,
		"isBuyerMaker": false,
		"isBestMatch": true
	},
	{
		"id": 275,
		"price": "10.89000000",
		"qty": "4.58900000",
		"quoteQty": "49.97421000",
		"time": 1660896014442,
		"isBuyerMaker": false,
		"isBestMatch": true
	},
	{
		"id": 276,
		"price": "10.89000000",
		"qty": "4.58900000",
		"quoteQty": "49.97421000",
		"time": 1660896014442,
		"isBuyerMaker": false,
		"isBestMatch": true
	},
	{
		"id": 277,
		"price": "10.89000000",
		"qty": "4.58300000",
		"quoteQty": "49.90887000",
		"time": 1660896014442,
		"isBuyerMaker": false,
		"isBestMatch": true
	},
	{
		"id": 278,
		"price": "10.99000000",
		"qty": "3.88000000",
		"quoteQty": "42.64120000",
		"time": 1660896014455,
		"isBuyerMaker": false,
		"isBestMatch": true
	},
	{
		"id": 279,
		"price": "10.75000000",
		"qty": "22.95300000",
		"quoteQty": "246.74475000",
		"time": 1660896014500,
		"isBuyerMaker": true,
		"isBestMatch": true
	},
	{
		"id": 280,
		"price": "10.74000000",
		"qty": "23.79700000",
		"quoteQty": "255.57978000",
		"time": 1660896014500,
		"isBuyerMaker": true,
		"isBestMatch": true
	},
	{
		"id": 281,
		"price": "10.60000000",
		"qty": "21.11300000",
		"quoteQty": "223.79780000",
		"time": 1660896014500,
		"isBuyerMaker": true,
		"isBestMatch": true
	},
	{
		"id": 282,
		"price": "10.60000000",
		"qty": "2.54700000",
		"quoteQty": "26.99820000",
		"time": 1660896014500,
		"isBuyerMaker": true,
		"isBestMatch": true
	},
	{
		"id": 283,
		"price": "10.60000000",
		"qty": "1.50600000",
		"quoteQty": "15.96360000",
		"time": 1660896014500,
		"isBuyerMaker": true,
		"isBestMatch": true
	},
	{
		"id": 284,
		"price": "10.58000000",
		"qty": "9.43500000",
		"quoteQty": "99.82230000",
		"time": 1660896014500,
		"isBuyerMaker": true,
		"isBestMatch": true
	},
	{
		"id": 285,
		"price": "10.57000000",
		"qty": "9.44400000",
		"quoteQty": "99.82308000",
		"time": 1660896014500,
		"isBuyerMaker": true,
		"isBestMatch": true
	},
	{
		"id": 286,
		"price": "10.52000000",
		"qty": "1.63900000",
		"quoteQty": "17.24228000",
		"time": 1660896014500,
		"isBuyerMaker": true,
		"isBestMatch": true
	},
	{
		"id": 287,
		"price": "10.51000000",
		"qty": "1.72000000",
		"quoteQty": "18.07720000",
		"time": 1660896014500,
		"isBuyerMaker": true,
		"isBestMatch": true
	},
	{
		"id": 288,
		"price": "10.51000000",
		"qty": "26.43800000",
		"quoteQty": "277.86338000",
		"time": 1660896014500,
		"isBuyerMaker": true,
		"isBestMatch": true
	},
	{
		"id": 289,
		"price": "10.50000000",
		"qty": "59.27300000",
		"quoteQty": "622.36650000",
		"time": 1660896014500,
		"isBuyerMaker": true,
		"isBestMatch": true
	},
	{
		"id": 290,
		"price": "10.78000000",
		"qty": "59.27300000",
		"quoteQty": "638.96294000",
		"time": 1660896014587,
		"isBuyerMaker": true,
		"isBestMatch": true
	},
	{
		"id": 291,
		"price": "10.90000000",
		"qty": "0.94500000",
		"quoteQty": "10.30050000",
		"time": 1660896014601,
		"isBuyerMaker": false,
		"isBestMatch": true
	},
	{
		"id": 292,
		"price": "10.90000000",
		"qty": "0.94500000",
		"quoteQty": "10.30050000",
		"time": 1660896014601,
		"isBuyerMaker": false,
		"isBestMatch": true
	},
	{
		"id": 293,
		"price": "10.90000000",
		"qty": "0.94500000",
		"quoteQty": "10.30050000",
		"time": 1660896014601,
		"isBuyerMaker": false,
		"isBestMatch": true
	},
	{
		"id": 294,
		"price": "10.90000000",
		"qty": "0.94500000",
		"quoteQty": "10.30050000",
		"time": 1660896014601,
		"isBuyerMaker": false,
		"isBestMatch": true
	},
	{
		"id": 295,
		"price": "10.90000000",
		"qty": "0.94500000",
		"quoteQty": "10.30050000",
		"time": 1660896014601,
		"isBuyerMaker": false,
		"isBestMatch": true
	},
	{
		"id": 296,
		"price": "10.90000000",
		"qty": "0.94500000",
		"quoteQty": "10.30050000",
		"time": 1660896014601,
		"isBuyerMaker": false,
		"isBestMatch": true
	},
	{
		"id": 297,
		"price": "10.90000000",
		"qty": "0.94500000",
		"quoteQty": "10.30050000",
		"time": 1660896014601,
		"isBuyerMaker": false,
		"isBestMatch": true
	},
	{
		"id": 298,
		"price": "10.90000000",
		"qty": "0.94500000",
		"quoteQty": "10.30050000",
		"time": 1660896014601,
		"isBuyerMaker": false,
		"isBestMatch": true
	},
	{
		"id": 299,
		"price": "10.90000000",
		"qty": "0.94500000",
		"quoteQty": "10.30050000",
		"time": 1660896014601,
		"isBuyerMaker": false,
		"isBestMatch": true
	},
	{
		"id": 300,
		"price": "10.90000000",
		"qty": "0.93900000",
		"quoteQty": "10.23510000",
		"time": 1660896014601,
		"isBuyerMaker": false,
		"isBestMatch": true
	},
	{
		"id": 301,
		"price": "10.98000000",
		"qty": "26.64500000",
		"quoteQty": "292.56210000",
		"time": 1660896014601,
		"isBuyerMaker": false,
		"isBestMatch": true
	},
	{
		"id": 302,
		"price": "10.98000000",
		"qty": "23.79700000",
		"quoteQty": "261.29106000",
		"time": 1660896014601,
		"isBuyerMaker": false,
		"isBestMatch": true
	},
	{
		"id": 303,
		"price": "10.98000000",
		"qty": "1.72000000",
		"quoteQty": "18.88560000",
		"time": 1660896014601,
		"isBuyerMaker": false,
		"isBestMatch": true
	},
	{
		"id": 304,
		"price": "10.98000000",
		"qty": "2.43000000",
		"quoteQty": "26.68140000",
		"time": 1660896014601,
		"isBuyerMaker": false,
		"isBestMatch": true
	},
	{
		"id": 305,
		"price": "10.98000000",
		"qty": "2.54700000",
		"quoteQty": "27.96606000",
		"time": 1660896014601,
		"isBuyerMaker": false,
		"isBestMatch": true
	},
	{
		"id": 306,
		"price": "10.98000000",
		"qty": "3.02000000",
		"quoteQty": "33.15960000",
		"time": 1660896014601,
		"isBuyerMaker": false,
		"isBestMatch": true
	},
	{
		"id": 307,
		"price": "10.95000000",
		"qty": "0.94400000",
		"quoteQty": "10.33680000",
		"time": 1660896014643,
		"isBuyerMaker": false,
		"isBestMatch": true
	},
	{
		"id": 308,
		"price": "10.95000000",
		"qty": "0.94400000",
		"quoteQty": "10.33680000",
		"time": 1660896014643,
		"isBuyerMaker": false,
		"isBestMatch": true
	},
	{
		"id": 309,
		"price": "10.95000000",
		"qty": "0.94400000",
		"quoteQty": "10.33680000",
		"time": 1660896014643,
		"isBuyerMaker": false,
		"isBestMatch": true
	},
	{
		"id": 310,
		"price": "10.95000000",
		"qty": "0.94400000",
		"quoteQty": "10.33680000",
		"time": 1660896014643,
		"isBuyerMaker": false,
		"isBestMatch": true
	},
	{
		"id": 311,
		"price": "10.95000000",
		"qty": "0.94400000",
		"quoteQty": "10.33680000",
		"time": 1660896014643,
		"isBuyerMaker": false,
		"isBestMatch": true
	},
	{
		"id": 312,
		"price": "10.95000000",
		"qty": "0.94400000",
		"quoteQty": "10.33680000",
		"time": 1660896014643,
		"isBuyerMaker": false,
		"isBestMatch": true
	},
	{
		"id": 313,
		"price": "10.95000000",
		"qty": "0.94400000",
		"quoteQty": "10.33680000",
		"time": 1660896014643,
		"isBuyerMaker": false,
		"isBestMatch": true
	},
	{
		"id": 314,
		"price": "10.95000000",
		"qty": "0.94400000",
		"quoteQty": "10.33680000",
		"time": 1660896014643,
		"isBuyerMaker": false,
		"isBestMatch": true
	},
	{
		"id": 315,
		"price": "10.95000000",
		"qty": "0.94400000",
		"quoteQty": "10.33680000",
		"time": 1660896014643,
		"isBuyerMaker": false,
		"isBestMatch": true
	},
	{
		"id": 316,
		"price": "10.95000000",
		"qty": "0.93900000",
		"quoteQty": "10.28205000",
		"time": 1660896014643,
		"isBuyerMaker": false,
		"isBestMatch": true
	},
	{
		"id": 317,
		"price": "10.80000000",
		"qty": "18.08400000",
		"quoteQty": "195.30720000",
		"time": 1660896014686,
		"isBuyerMaker": true,
		"isBestMatch": true
	},
	{
		"id": 318,
		"price": "10.80000000",
		"qty": "9.00100000",
		"quoteQty": "97.21080000",
		"time": 1660896014689,
		"isBuyerMaker": true,
		"isBestMatch": true
	},
	{
		"id": 319,
		"price": "10.98000000",
		"qty": "2.43000000",
		"quoteQty": "26.68140000",
		"time": 1660896014701,
		"isBuyerMaker": false,
		"isBestMatch": true
	},
	{
		"id": 320,
		"price": "10.98000000",
		"qty": "3.02000000",
		"quoteQty": "33.15960000",
		"time": 1660896014701,
		"isBuyerMaker": false,
		"isBestMatch": true
	},
	{
		"id": 321,
		"price": "10.87000000",
		"qty": "11.08600000",
		"quoteQty": "120.50482000",
		"time": 1660896015213,
		"isBuyerMaker": false,
		"isBestMatch": true
	},
	{
		"id": 322,
		"price": "10.87000000",
		"qty": "0.19400000",
		"quoteQty": "2.10878000",
		"time": 1660896015249,
		"isBuyerMaker": false,
		"isBestMatch": true
	},
	{
		"id": 323,
		"price": "10.87000000",
		"qty": "1.75700000",
		"quoteQty": "19.09859000",
		"time": 1660896015249,
		"isBuyerMaker": false,
		"isBestMatch": true
	},
	{
		"id": 324,
		"price": "10.87000000",
		"qty": "9.52300000",
		"quoteQty": "103.51501000",
		"time": 1660896015538,
		"isBuyerMaker": false,
		"isBestMatch": true
	},
	{
		"id": 325,
		"price": "10.87000000",
		"qty": "11.28000000",
		"quoteQty": "122.61360000",
		"time": 1660896015538,
		"isBuyerMaker": false,
		"isBestMatch": true
	},
	{
		"id": 326,
		"price": "10.87000000",
		"qty": "11.28000000",
		"quoteQty": "122.61360000",
		"time": 1660896015538,
		"isBuyerMaker": false,
		"isBestMatch": true
	},
	{
		"id": 327,
		"price": "10.87000000",
		"qty": "7.43000000",
		"quoteQty": "80.76410000",
		"time": 1660896015538,
		"isBuyerMaker": false,
		"isBestMatch": true
	},
	{
		"id": 328,
		"price": "10.87000000",
		"qty": "3.85000000",
		"quoteQty": "41.84950000",
		"time": 1660896015612,
		"isBuyerMaker": false,
		"isBestMatch": true
	},
	{
		"id": 329,
		"price": "10.84000000",
		"qty": "5.96600000",
		"quoteQty": "64.67144000",
		"time": 1660896015677,
		"isBuyerMaker": true,
		"isBestMatch": true
	},
	{
		"id": 330,
		"price": "10.84000000",
		"qty": "1.50600000",
		"quoteQty": "16.32504000",
		"time": 1660896015689,
		"isBuyerMaker": true,
		"isBestMatch": true
	},
	{
		"id": 331,
		"price": "10.87000000",
		"qty": "6.00400000",
		"quoteQty": "65.26348000",
		"time": 1660896015751,
		"isBuyerMaker": false,
		"isBestMatch": true
	},
	{
		"id": 332,
		"price": "10.87000000",
		"qty": "5.19300000",
		"quoteQty": "56.44791000",
		"time": 1660896015817,
		"isBuyerMaker": false,
		"isBestMatch": true
	},
	{
		"id": 333,
		"price": "10.87000000",
		"qty": "0.08300000",
		"quoteQty": "0.90221000",
		"time": 1660896015850,
		"isBuyerMaker": false,
		"isBestMatch": true
	},
	{
		"id": 334,
		"price": "10.87000000",
		"qty": "11.28000000",
		"quoteQty": "122.61360000",
		"time": 1660896015850,
		"isBuyerMaker": false,
		"isBestMatch": true
	},
	{
		"id": 335,
		"price": "10.87000000",
		"qty": "11.28000000",
		"quoteQty": "122.61360000",
		"time": 1660896015850,
		"isBuyerMaker": false,
		"isBestMatch": true
	},
	{
		"id": 336,
		"price": "10.87000000",
		"qty": "11.28000000",
		"quoteQty": "122.61360000",
		"time": 1660896015850,
		"isBuyerMaker": false,
		"isBestMatch": true
	},
	{
		"id": 337,
		"price": "10.87000000",
		"qty": "11.27600000",
		"quoteQty": "122.57012000",
		"time": 1660896015850,
		"isBuyerMaker": false,
		"isBestMatch": true
	},
	{
		"id": 338,
		"price": "10.98000000",
		"qty": "3.02000000",
		"quoteQty": "33.15960000",
		"time": 1660896015850,
		"isBuyerMaker": false,
		"isBestMatch": true
	},
	{
		"id": 339,
		"price": "10.99000000",
		"qty": "14.35500000",
		"quoteQty": "157.76145000",
		"time": 1660896015850,
		"isBuyerMaker": false,
		"isBestMatch": true
	},
	{
		"id": 340,
		"price": "10.99000000",
		"qty": "10.13800000",
		"quoteQty": "111.41662000",
		"time": 1660896015873,
		"isBuyerMaker": false,
		"isBestMatch": true
	},
	{
		"id": 341,
		"price": "10.99000000",
		"qty": "2.73000000",
		"quoteQty": "30.00270000",
		"time": 1660896016044,
		"isBuyerMaker": false,
		"isBestMatch": true
	},
	{
		"id": 342,
		"price": "11.00000000",
		"qty": "56.73000000",
		"quoteQty": "624.03000000",
		"time": 1660896016102,
		"isBuyerMaker": false,
		"isBestMatch": true
	},
	{
		"id": 343,
		"price": "11.00000000",
		"qty": "57.42000000",
		"quoteQty": "631.62000000",
		"time": 1660896016161,
		"isBuyerMaker": false,
		"isBestMatch": true
	},
	{
		"id": 344,
		"price": "11.00000000",
		"qty": "10.18100000",
		"quoteQty": "111.99100000",
		"time": 1660896016343,
		"isBuyerMaker": false,
		"isBestMatch": true
	},
	{
		"id": 345,
		"price": "11.00000000",
		"qty": "10.17000000",
		"quoteQty": "111.87000000",
		"time": 1660896016444,
		"isBuyerMaker": false,
		"isBestMatch": true
	},
	{
		"id": 346,
		"price": "11.00000000",
		"qty": "10.17000000",
		"quoteQty": "111.87000000",
		"time": 1660896016510,
		"isBuyerMaker": false,
		"isBestMatch": true
	},
	{
		"id": 347,
		"price": "11.00000000",
		"qty": "10.17000000",
		"quoteQty": "111.87000000",
		"time": 1660896016606,
		"isBuyerMaker": false,
		"isBestMatch": true
	},
	{
		"id": 348,
		"price": "11.00000000",
		"qty": "10.17000000",
		"quoteQty": "111.87000000",
		"time": 1660896016828,
		"isBuyerMaker": false,
		"isBestMatch": true
	},
	{
		"id": 349,
		"price": "11.00000000",
		"qty": "10.17000000",
		"quoteQty": "111.87000000",
		"time": 1660896016971,
		"isBuyerMaker": false,
		"isBestMatch": true
	},
	{
		"id": 350,
		"price": "11.00000000",
		"qty": "5.10800000",
		"quoteQty": "56.18800000",
		"time": 1660896017121,
		"isBuyerMaker": false,
		"isBestMatch": true
	},
	{
		"id": 351,
		"price": "11.00000000",
		"qty": "25.31000000",
		"quoteQty": "278.41000000",
		"time": 1660896017243,
		"isBuyerMaker": false,
		"isBestMatch": true
	},
	{
		"id": 352,
		"price": "11.00000000",
		"qty": "10.17200000",
		"quoteQty": "111.89200000",
		"time": 1660896017300,
		"isBuyerMaker": false,
		"isBestMatch": true
	},
	{
		"id": 353,
		"price": "10.99000000",
		"qty": "27.29700000",
		"quoteQty": "299.99403000",
		"time": 1660896017455,
		"isBuyerMaker": true,
		"isBestMatch": true
	},
	{
		"id": 354,
		"price": "10.98000000",
		"qty": "99.23600000",
		"quoteQty": "1089.61128000",
		"time": 1660896017455,
		"isBuyerMaker": true,
		"isBestMatch": true
	},
	{
		"id": 355,
		"price": "11.00000000",
		"qty": "54.54500000",
		"quoteQty": "599.99500000",
		"time": 1660896017534,
		"isBuyerMaker": false,
		"isBestMatch": true
	},
	{
		"id": 356,
		"price": "11.00000000",
		"qty": "10.18300000",
		"quoteQty": "112.01300000",
		"time": 1660896017657,
		"isBuyerMaker": false,
		"isBestMatch": true
	},
	{
		"id": 357,
		"price": "11.00000000",
		"qty": "10.18300000",
		"quoteQty": "112.01300000",
		"time": 1660896017675,
		"isBuyerMaker": false,
		"isBestMatch": true
	},
	{
		"id": 358,
		"price": "11.00000000",
		"qty": "10.18300000",
		"quoteQty": "112.01300000",
		"time": 1660896017758,
		"isBuyerMaker": false,
		"isBestMatch": true
	},
	{
		"id": 359,
		"price": "10.98000000",
		"qty": "2.80900000",
		"quoteQty": "30.84282000",
		"time": 1660896017774,
		"isBuyerMaker": true,
		"isBestMatch": true
	},
	{
		"id": 360,
		"price": "11.00000000",
		"qty": "10.18000000",
		"quoteQty": "111.98000000",
		"time": 1660896017778,
		"isBuyerMaker": false,
		"isBestMatch": true
	},
	{
		"id": 361,
		"price": "10.98000000",
		"qty": "2.83000000",
		"quoteQty": "31.07340000",
		"time": 1660896017790,
		"isBuyerMaker": true,
		"isBestMatch": true
	},
	{
		"id": 362,
		"price": "10.98000000",
		"qty": "132.09300000",
		"quoteQty": "1450.38114000",
		"time": 1660896017812,
		"isBuyerMaker": true,
		"isBestMatch": true
	},
	{
		"id": 363,
		"price": "11.00000000",
		"qty": "10.18000000",
		"quoteQty": "111.98000000",
		"time": 1660896017840,
		"isBuyerMaker": false,
		"isBestMatch": true
	},
	{
		"id": 364,
		"price": "10.98000000",
		"qty": "94.34800000",
		"quoteQty": "1035.94104000",
		"time": 1660896017934,
		"isBuyerMaker": true,
		"isBestMatch": true
	},
	{
		"id": 365,
		"price": "11.00000000",
		"qty": "4.61500000",
		"quoteQty": "50.76500000",
		"time": 1660896017996,
		"isBuyerMaker": false,
		"isBestMatch": true
	},
	{
		"id": 366,
		"price": "11.00000000",
		"qty": "9.13100000",
		"quoteQty": "100.44100000",
		"time": 1660896018007,
		"isBuyerMaker": false,
		"isBestMatch": true
	},
	{
		"id": 367,
		"price": "11.00000000",
		"qty": "1.04400000",
		"quoteQty": "11.48400000",
		"time": 1660896018007,
		"isBuyerMaker": false,
		"isBestMatch": true
	},
	{
		"id": 368,
		"price": "11.00000000",
		"qty": "10.18000000",
		"quoteQty": "111.98000000",
		"time": 1660896018033,
		"isBuyerMaker": false,
		"isBestMatch": true
	},
	{
		"id": 369,
		"price": "11.00000000",
		"qty": "10.18000000",
		"quoteQty": "111.98000000",
		"time": 1660896018138,
		"isBuyerMaker": false,
		"isBestMatch": true
	},
	{
		"id": 370,
		"price": "11.00000000",
		"qty": "10.18000000",
		"quoteQty": "111.98000000",
		"time": 1660896018152,
		"isBuyerMaker": false,
		"isBestMatch": true
	},
	{
		"id": 371,
		"price": "11.00000000",
		"qty": "4.34400000",
		"quoteQty": "47.78400000",
		"time": 1660896018203,
		"isBuyerMaker": false,
		"isBestMatch": true
	},
	{
		"id": 372,
		"price": "11.00000000",
		"qty": "4.33000000",
		"quoteQty": "47.63000000",
		"time": 1660896018269,
		"isBuyerMaker": false,
		"isBestMatch": true
	},
	{
		"id": 373,
		"price": "11.00000000",
		"qty": "1.81800000",
		"quoteQty": "19.99800000",
		"time": 1660896018292,
		"isBuyerMaker": false,
		"isBestMatch": true
	},
	{
		"id": 374,
		"price": "11.00000000",
		"qty": "4.33700000",
		"quoteQty": "47.70700000",
		"time": 1660896018399,
		"isBuyerMaker": false,
		"isBestMatch": true
	},
	{
		"id": 375,
		"price": "11.00000000",
		"qty": "10.18300000",
		"quoteQty": "112.01300000",
		"time": 1660896018467,
		"isBuyerMaker": false,
		"isBestMatch": true
	},
	{
		"id": 376,
		"price": "11.00000000",
		"qty": "10.18300000",
		"quoteQty": "112.01300000",
		"time": 1660896018538,
		"isBuyerMaker": false,
		"isBestMatch": true
	},
	{
		"id": 377,
		"price": "11.00000000",
		"qty": "10.18100000",
		"quoteQty": "111.99100000",
		"time": 1660896018625,
		"isBuyerMaker": false,
		"isBestMatch": true
	},
	{
		"id": 378,
		"price": "11.00000000",
		"qty": "4.11200000",
		"quoteQty": "45.23200000",
		"time": 1660896018703,
		"isBuyerMaker": false,
		"isBestMatch": true
	},
	{
		"id": 379,
		"price": "11.03000000",
		"qty": "5.91000000",
		"quoteQty": "65.18730000",
		"time": 1660896019570,
		"isBuyerMaker": false,
		"isBestMatch": true
	},
	{
		"id": 380,
		"price": "11.03000000",
		"qty": "3.57200000",
		"quoteQty": "39.39916000",
		"time": 1660896020047,
		"isBuyerMaker": false,
		"isBestMatch": true
	},
	{
		"id": 381,
		"price": "11.03000000",
		"qty": "0.29900000",
		"quoteQty": "3.29797000",
		"time": 1660896020681,
		"isBuyerMaker": false,
		"isBestMatch": true
	},
	{
		"id": 382,
		"price": "11.31000000",
		"qty": "1.19900000",
		"quoteQty": "13.56069000",
		"time": 1660896020681,
		"isBuyerMaker": false,
		"isBestMatch": true
	},
	{
		"id": 383,
		"price": "11.12000000",
		"qty": "2.36700000",
		"quoteQty": "26.32104000",
		"time": 1660896024843,
		"isBuyerMaker": false,
		"isBestMatch": true
	},
	{
		"id": 384,
		"price": "11.08000000",
		"qty": "1.00100000",
		"quoteQty": "11.09108000",
		"time": 1660896025652,
		"isBuyerMaker": true,
		"isBestMatch": true
	},
	{
		"id": 385,
		"price": "11.03000000",
		"qty": "19.00100000",
		"quoteQty": "209.58103000",
		"time": 1660896025652,
		"isBuyerMaker": true,
		"isBestMatch": true
	},
	{
		"id": 386,
		"price": "11.03000000",
		"qty": "11.26000000",
		"quoteQty": "124.19780000",
		"time": 1660896025652,
		"isBuyerMaker": true,
		"isBestMatch": true
	},
	{
		"id": 387,
		"price": "11.03000000",
		"qty": "10.00000000",
		"quoteQty": "110.30000000",
		"time": 1660896025652,
		"isBuyerMaker": true,
		"isBestMatch": true
	},
	{
		"id": 388,
		"price": "11.01000000",
		"qty": "224.08000000",
		"quoteQty": "2467.12080000",
		"time": 1660896025652,
		"isBuyerMaker": true,
		"isBestMatch": true
	},
	{
		"id": 389,
		"price": "11.00000000",
		"qty": "4.16400000",
		"quoteQty": "45.80400000",
		"time": 1660896025662,
		"isBuyerMaker": false,
		"isBestMatch": true
	},
	{
		"id": 390,
		"price": "11.00000000",
		"qty": "5.02200000",
		"quoteQty": "55.24200000",
		"time": 1660896025677,
		"isBuyerMaker": false,
		"isBestMatch": true
	},
	{
		"id": 391,
		"price": "11.00000000",
		"qty": "110.00000000",
		"quoteQty": "1210.00000000",
		"time": 1660896025683,
		"isBuyerMaker": false,
		"isBestMatch": true
	},
	{
		"id": 392,
		"price": "11.00000000",
		"qty": "105.91000000",
		"quoteQty": "1165.01000000",
		"time": 1660896025704,
		"isBuyerMaker": false,
		"isBestMatch": true
	},
	{
		"id": 393,
		"price": "11.00000000",
		"qty": "255.28000000",
		"quoteQty": "2808.08000000",
		"time": 1660896025708,
		"isBuyerMaker": false,
		"isBestMatch": true
	},
	{
		"id": 394,
		"price": "11.00000000",
		"qty": "1.81700000",
		"quoteQty": "19.98700000",
		"time": 1660896025716,
		"isBuyerMaker": false,
		"isBestMatch": true
	},
	{
		"id": 395,
		"price": "11.00000000",
		"qty": "255.28000000",
		"quoteQty": "2808.08000000",
		"time": 1660896025752,
		"isBuyerMaker": false,
		"isBestMatch": true
	},
	{
		"id": 396,
		"price": "11.00000000",
		"qty": "10.18300000",
		"quoteQty": "112.01300000",
		"time": 1660896025777,
		"isBuyerMaker": false,
		"isBestMatch": true
	},
	{
		"id": 397,
		"price": "11.00000000",
		"qty": "5.00000000",
		"quoteQty": "55.00000000",
		"time": 1660896025796,
		"isBuyerMaker": false,
		"isBestMatch": true
	},
	{
		"id": 398,
		"price": "11.00000000",
		"qty": "87.14000000",
		"quoteQty": "958.54000000",
		"time": 1660896025808,
		"isBuyerMaker": false,
		"isBestMatch": true
	},
	{
		"id": 399,
		"price": "11.00000000",
		"qty": "255.28000000",
		"quoteQty": "2808.08000000",
		"time": 1660896025812,
		"isBuyerMaker": false,
		"isBestMatch": true
	},
	{
		"id": 400,
		"price": "11.00000000",
		"qty": "10.18300000",
		"quoteQty": "112.01300000",
		"time": 1660896025838,
		"isBuyerMaker": false,
		"isBestMatch": true
	},
	{
		"id": 401,
		"price": "11.00000000",
		"qty": "218.95000000",
		"quoteQty": "2408.45000000",
		"time": 1660896025858,
		"isBuyerMaker": false,
		"isBestMatch": true
	},
	{
		"id": 402,
		"price": "11.00000000",
		"qty": "10.18100000",
		"quoteQty": "111.99100000",
		"time": 1660896025903,
		"isBuyerMaker": false,
		"isBestMatch": true
	},
	{
		"id": 403,
		"price": "11.00000000",
		"qty": "237.12000000",
		"quoteQty": "2608.32000000",
		"time": 1660896025921,
		"isBuyerMaker": false,
		"isBestMatch": true
	},
	{
		"id": 404,
		"price": "11.00000000",
		"qty": "10.18000000",
		"quoteQty": "111.98000000",
		"time": 1660896025942,
		"isBuyerMaker": false,
		"isBestMatch": true
	},
	{
		"id": 405,
		"price": "11.00000000",
		"qty": "234.73000000",
		"quoteQty": "2582.03000000",
		"time": 1660896025981,
		"isBuyerMaker": false,
		"isBestMatch": true
	},
	{
		"id": 406,
		"price": "11.00000000",
		"qty": "10.18100000",
		"quoteQty": "111.99100000",
		"time": 1660896026022,
		"isBuyerMaker": false,
		"isBestMatch": true
	},
	{
		"id": 407,
		"price": "11.00000000",
		"qty": "235.92000000",
		"quoteQty": "2595.12000000",
		"time": 1660896026039,
		"isBuyerMaker": false,
		"isBestMatch": true
	},
	{
		"id": 408,
		"price": "11.00000000",
		"qty": "1.77100000",
		"quoteQty": "19.48100000",
		"time": 1660896026079,
		"isBuyerMaker": false,
		"isBestMatch": true
	},
	{
		"id": 409,
		"price": "11.00000000",
		"qty": "131.61000000",
		"quoteQty": "1447.71000000",
		"time": 1660896026122,
		"isBuyerMaker": false,
		"isBestMatch": true
	},
	{
		"id": 410,
		"price": "11.00000000",
		"qty": "52.48000000",
		"quoteQty": "577.28000000",
		"time": 1660896026136,
		"isBuyerMaker": false,
		"isBestMatch": true
	},
	{
		"id": 411,
		"price": "11.00000000",
		"qty": "137.89000000",
		"quoteQty": "1516.79000000",
		"time": 1660896026144,
		"isBuyerMaker": false,
		"isBestMatch": true
	},
	{
		"id": 412,
		"price": "11.00000000",
		"qty": "10.18300000",
		"quoteQty": "112.01300000",
		"time": 1660896026208,
		"isBuyerMaker": false,
		"isBestMatch": true
	},
	{
		"id": 413,
		"price": "11.00000000",
		"qty": "52.48000000",
		"quoteQty": "577.28000000",
		"time": 1660896026220,
		"isBuyerMaker": false,
		"isBestMatch": true
	},
	{
		"id": 414,
		"price": "11.00000000",
		"qty": "5.93000000",
		"quoteQty": "65.23000000",
		"time": 1660896026574,
		"isBuyerMaker": false,
		"isBestMatch": true
	},
	{
		"id": 415,
		"price": "10.99000000",
		"qty": "480.83000000",
		"quoteQty": "5284.32170000",
		"time": 1660896027042,
		"isBuyerMaker": true,
		"isBestMatch": true
	},
	{
		"id": 416,
		"price": "11.00000000",
		"qty": "4.37900000",
		"quoteQty": "48.16900000",
		"time": 1660896027271,
		"isBuyerMaker": false,
		"isBestMatch": true
	},
	{
		"id": 417,
		"price": "10.99000000",
		"qty": "3.25200000",
		"quoteQty": "35.73948000",
		"time": 1660896027330,
		"isBuyerMaker": false,
		"isBestMatch": true
	},
	{
		"id": 418,
		"price": "10.99000000",
		"qty": "1.51500000",
		"quoteQty": "16.64985000",
		"time": 1660896027330,
		"isBuyerMaker": false,
		"isBestMatch": true
	},
	{
		"id": 419,
		"price": "10.99000000",
		"qty": "0.79000000",
		"quoteQty": "8.68210000",
		"time": 1660896027349,
		"isBuyerMaker": false,
		"isBestMatch": true
	},
	{
		"id": 420,
		"price": "10.99000000",
		"qty": "10.18900000",
		"quoteQty": "111.97711000",
		"time": 1660896028074,
		"isBuyerMaker": true,
		"isBestMatch": true
	},
	{
		"id": 421,
		"price": "10.99000000",
		"qty": "5.12400000",
		"quoteQty": "56.31276000",
		"time": 1660896028081,
		"isBuyerMaker": false,
		"isBestMatch": true
	},
	{
		"id": 422,
		"price": "10.99000000",
		"qty": "5.13700000",
		"quoteQty": "56.45563000",
		"time": 1660896028150,
		"isBuyerMaker": false,
		"isBestMatch": true
	},
	{
		"id": 423,
		"price": "10.99000000",
		"qty": "34.82800000",
		"quoteQty": "382.75972000",
		"time": 1660896028196,
		"isBuyerMaker": false,
		"isBestMatch": true
	},
	{
		"id": 424,
		"price": "10.99000000",
		"qty": "45.08900000",
		"quoteQty": "495.52811000",
		"time": 1660896028196,
		"isBuyerMaker": false,
		"isBestMatch": true
	},
	{
		"id": 425,
		"price": "10.99000000",
		"qty": "9.37200000",
		"quoteQty": "102.99828000",
		"time": 1660896028196,
		"isBuyerMaker": false,
		"isBestMatch": true
	},
	{
		"id": 426,
		"price": "10.99000000",
		"qty": "5.13000000",
		"quoteQty": "56.37870000",
		"time": 1660896028229,
		"isBuyerMaker": false,
		"isBestMatch": true
	},
	{
		"id": 427,
		"price": "10.99000000",
		"qty": "5.13000000",
		"quoteQty": "56.37870000",
		"time": 1660896028330,
		"isBuyerMaker": false,
		"isBestMatch": true
	},
	{
		"id": 428,
		"price": "10.99000000",
		"qty": "1.80800000",
		"quoteQty": "19.86992000",
		"time": 1660896029294,
		"isBuyerMaker": false,
		"isBestMatch": true
	},
	{
		"id": 429,
		"price": "10.99000000",
		"qty": "2.71500000",
		"quoteQty": "29.83785000",
		"time": 1660896029392,
		"isBuyerMaker": false,
		"isBestMatch": true
	},
	{
		"id": 430,
		"price": "11.00000000",
		"qty": "1.10800000",
		"quoteQty": "12.18800000",
		"time": 1660896029615,
		"isBuyerMaker": false,
		"isBestMatch": true
	},
	{
		"id": 431,
		"price": "11.00000000",
		"qty": "5.86000000",
		"quoteQty": "64.46000000",
		"time": 1660896029709,
		"isBuyerMaker": false,
		"isBestMatch": true
	},
	{
		"id": 432,
		"price": "11.00000000",
		"qty": "5.13000000",
		"quoteQty": "56.43000000",
		"time": 1660896029808,
		"isBuyerMaker": false,
		"isBestMatch": true
	},
	{
		"id": 433,
		"price": "11.00000000",
		"qty": "2.39500000",
		"quoteQty": "26.34500000",
		"time": 1660896030016,
		"isBuyerMaker": false,
		"isBestMatch": true
	},
	{
		"id": 434,
		"price": "11.00000000",
		"qty": "4.47900000",
		"quoteQty": "49.26900000",
		"time": 1660896030296,
		"isBuyerMaker": false,
		"isBestMatch": true
	},
	{
		"id": 435,
		"price": "11.00000000",
		"qty": "4.48100000",
		"quoteQty": "49.29100000",
		"time": 1660896030356,
		"isBuyerMaker": false,
		"isBestMatch": true
	},
	{
		"id": 436,
		"price": "11.00000000",
		"qty": "5.13000000",
		"quoteQty": "56.43000000",
		"time": 1660896030418,
		"isBuyerMaker": false,
		"isBestMatch": true
	},
	{
		"id": 437,
		"price": "11.00000000",
		"qty": "10.18200000",
		"quoteQty": "112.00200000",
		"time": 1660896030654,
		"isBuyerMaker": false,
		"isBestMatch": true
	},
	{
		"id": 438,
		"price": "11.00000000",
		"qty": "10.18000000",
		"quoteQty": "111.98000000",
		"time": 1660896030671,
		"isBuyerMaker": false,
		"isBestMatch": true
	},
	{
		"id": 439,
		"price": "11.00000000",
		"qty": "10.18000000",
		"quoteQty": "111.98000000",
		"time": 1660896030685,
		"isBuyerMaker": false,
		"isBestMatch": true
	},
	{
		"id": 440,
		"price": "11.00000000",
		"qty": "10.18000000",
		"quoteQty": "111.98000000",
		"time": 1660896030736,
		"isBuyerMaker": false,
		"isBestMatch": true
	},
	{
		"id": 441,
		"price": "11.00000000",
		"qty": "10.18000000",
		"quoteQty": "111.98000000",
		"time": 1660896030801,
		"isBuyerMaker": false,
		"isBestMatch": true
	},
	{
		"id": 442,
		"price": "11.00000000",
		"qty": "10.18000000",
		"quoteQty": "111.98000000",
		"time": 1660896030883,
		"isBuyerMaker": false,
		"isBestMatch": true
	},
	{
		"id": 443,
		"price": "11.00000000",
		"qty": "10.18000000",
		"quoteQty": "111.98000000",
		"time": 1660896030896,
		"isBuyerMaker": false,
		"isBestMatch": true
	},
	{
		"id": 444,
		"price": "11.00000000",
		"qty": "10.18000000",
		"quoteQty": "111.98000000",
		"time": 1660896030916,
		"isBuyerMaker": false,
		"isBestMatch": true
	},
	{
		"id": 445,
		"price": "11.00000000",
		"qty": "10.18000000",
		"quoteQty": "111.98000000",
		"time": 1660896030967,
		"isBuyerMaker": false,
		"isBestMatch": true
	},
	{
		"id": 446,
		"price": "10.98000000",
		"qty": "355.93900000",
		"quoteQty": "3908.21022000",
		"time": 1660896031002,
		"isBuyerMaker": true,
		"isBestMatch": true
	},
	{
		"id": 447,
		"price": "10.97000000",
		"qty": "124.89100000",
		"quoteQty": "1370.05427000",
		"time": 1660896031002,
		"isBuyerMaker": true,
		"isBestMatch": true
	},
	{
		"id": 448,
		"price": "11.00000000",
		"qty": "10.18300000",
		"quoteQty": "112.01300000",
		"time": 1660896031029,
		"isBuyerMaker": false,
		"isBestMatch": true
	},
	{
		"id": 449,
		"price": "11.00000000",
		"qty": "10.17900000",
		"quoteQty": "111.96900000",
		"time": 1660896031092,
		"isBuyerMaker": false,
		"isBestMatch": true
	},
	{
		"id": 450,
		"price": "11.00000000",
		"qty": "10.18000000",
		"quoteQty": "111.98000000",
		"time": 1660896031161,
		"isBuyerMaker": false,
		"isBestMatch": true
	},
	{
		"id": 451,
		"price": "11.00000000",
		"qty": "10.17800000",
		"quoteQty": "111.95800000",
		"time": 1660896031217,
		"isBuyerMaker": false,
		"isBestMatch": true
	},
	{
		"id": 452,
		"price": "11.00000000",
		"qty": "1.74900000",
		"quoteQty": "19.23900000",
		"time": 1660896031274,
		"isBuyerMaker": false,
		"isBestMatch": true
	},
	{
		"id": 453,
		"price": "11.00000000",
		"qty": "4.40900000",
		"quoteQty": "48.49900000",
		"time": 1660896031278,
		"isBuyerMaker": false,
		"isBestMatch": true
	},
	{
		"id": 454,
		"price": "10.98000000",
		"qty": "4.20500000",
		"quoteQty": "46.17090000",
		"time": 1660896031350,
		"isBuyerMaker": true,
		"isBestMatch": true
	},
	{
		"id": 455,
		"price": "11.00000000",
		"qty": "5.13000000",
		"quoteQty": "56.43000000",
		"time": 1660896032324,
		"isBuyerMaker": false,
		"isBestMatch": true
	},
	{
		"id": 456,
		"price": "10.99000000",
		"qty": "50.04500000",
		"quoteQty": "549.99455000",
		"time": 1660896032899,
		"isBuyerMaker": true,
		"isBestMatch": true
	},
	{
		"id": 457,
		"price": "10.98000000",
		"qty": "212.19300000",
		"quoteQty": "2329.87914000",
		"time": 1660896032899,
		"isBuyerMaker": true,
		"isBestMatch": true
	},
	{
		"id": 458,
		"price": "10.97000000",
		"qty": "249.17900000",
		"quoteQty": "2733.49363000",
		"time": 1660896032899,
		"isBuyerMaker": true,
		"isBestMatch": true
	},
	{
		"id": 459,
		"price": "10.97000000",
		"qty": "10.21100000",
		"quoteQty": "112.01467000",
		"time": 1660896032911,
		"isBuyerMaker": false,
		"isBestMatch": true
	},
	{
		"id": 460,
		"price": "10.96000000",
		"qty": "4.33900000",
		"quoteQty": "47.55544000",
		"time": 1660896032996,
		"isBuyerMaker": false,
		"isBestMatch": true
	},
	{
		"id": 461,
		"price": "10.96000000",
		"qty": "45.70600000",
		"quoteQty": "500.93776000",
		"time": 1660896033009,
		"isBuyerMaker": false,
		"isBestMatch": true
	},
	{
		"id": 462,
		"price": "10.96000000",
		"qty": "24.93000000",
		"quoteQty": "273.23280000",
		"time": 1660896033009,
		"isBuyerMaker": false,
		"isBestMatch": true
	},
	{
		"id": 463,
		"price": "10.96000000",
		"qty": "15.17700000",
		"quoteQty": "166.33992000",
		"time": 1660896033057,
		"isBuyerMaker": false,
		"isBestMatch": true
	},
	{
		"id": 464,
		"price": "10.97000000",
		"qty": "8.59800000",
		"quoteQty": "94.32006000",
		"time": 1660896033066,
		"isBuyerMaker": false,
		"isBestMatch": true
	},
	{
		"id": 465,
		"price": "10.97000000",
		"qty": "10.20100000",
		"quoteQty": "111.90497000",
		"time": 1660896033284,
		"isBuyerMaker": false,
		"isBestMatch": true
	},
	{
		"id": 466,
		"price": "10.97000000",
		"qty": "10.21000000",
		"quoteQty": "112.00370000",
		"time": 1660896033348,
		"isBuyerMaker": false,
		"isBestMatch": true
	},
	{
		"id": 467,
		"price": "10.96000000",
		"qty": "10.22100000",
		"quoteQty": "112.02216000",
		"time": 1660896033459,
		"isBuyerMaker": false,
		"isBestMatch": true
	},
	{
		"id": 468,
		"price": "10.97000000",
		"qty": "5.01200000",
		"quoteQty": "54.98164000",
		"time": 1660896033494,
		"isBuyerMaker": false,
		"isBestMatch": true
	},
	{
		"id": 469,
		"price": "10.97000000",
		"qty": "10.21100000",
		"quoteQty": "112.01467000",
		"time": 1660896033549,
		"isBuyerMaker": false,
		"isBestMatch": true
	},
	{
		"id": 470,
		"price": "10.97000000",
		"qty": "5.13000000",
		"quoteQty": "56.27610000",
		"time": 1660896033606,
		"isBuyerMaker": false,
		"isBestMatch": true
	},
	{
		"id": 471,
		"price": "10.97000000",
		"qty": "1192.12500000",
		"quoteQty": "13077.61125000",
		"time": 1660896033635,
		"isBuyerMaker": false,
		"isBestMatch": true
	},
	{
		"id": 472,
		"price": "10.97000000",
		"qty": "42.20700000",
		"quoteQty": "463.01079000",
		"time": 1660896033635,
		"isBuyerMaker": false,
		"isBestMatch": true
	},
	{
		"id": 473,
		"price": "11.00000000",
		"qty": "320.83000000",
		"quoteQty": "3529.13000000",
		"time": 1660896033635,
		"isBuyerMaker": false,
		"isBestMatch": true
	},
	{
		"id": 474,
		"price": "11.06000000",
		"qty": "10.13500000",
		"quoteQty": "112.09310000",
		"time": 1660896034066,
		"isBuyerMaker": true,
		"isBestMatch": true
	},
	{
		"id": 475,
		"price": "11.07000000",
		"qty": "4.33100000",
		"quoteQty": "47.94417000",
		"time": 1660896034121,
		"isBuyerMaker": true,
		"isBestMatch": true
	},
	{
		"id": 476,
		"price": "11.10000000",
		"qty": "8.15600000",
		"quoteQty": "90.53160000",
		"time": 1660896034334,
		"isBuyerMaker": true,
		"isBestMatch": true
	},
	{
		"id": 477,
		"price": "11.10000000",
		"qty": "15.11800000",
		"quoteQty": "167.80980000",
		"time": 1660896034348,
		"isBuyerMaker": true,
		"isBestMatch": true
	},
	{
		"id": 478,
		"price": "11.10000000",
		"qty": "2.95200000",
		"quoteQty": "32.76720000",
		"time": 1660896034348,
		"isBuyerMaker": true,
		"isBestMatch": true
	},
	{
		"id": 479,
		"price": "11.15000000",
		"qty": "10.12000000",
		"quoteQty": "112.83800000",
		"time": 1660896034572,
		"isBuyerMaker": true,
		"isBestMatch": true
	},
	{
		"id": 480,
		"price": "11.15000000",
		"qty": "3.32000000",
		"quoteQty": "37.01800000",
		"time": 1660896034573,
		"isBuyerMaker": true,
		"isBestMatch": true
	},
	{
		"id": 481,
		"price": "11.15000000",
		"qty": "3.50000000",
		"quoteQty": "39.02500000",
		"time": 1660896034583,
		"isBuyerMaker": true,
		"isBestMatch": true
	},
	{
		"id": 482,
		"price": "11.16000000",
		"qty": "9.55200000",
		"quoteQty": "106.60032000",
		"time": 1660896034597,
		"isBuyerMaker": true,
		"isBestMatch": true
	},
	{
		"id": 483,
		"price": "11.21000000",
		"qty": "3.14800000",
		"quoteQty": "35.28908000",
		"time": 1660896034669,
		"isBuyerMaker": false,
		"isBestMatch": true
	},
	{
		"id": 484,
		"price": "11.17000000",
		"qty": "2.71000000",
		"quoteQty": "30.27070000",
		"time": 1660896034691,
		"isBuyerMaker": true,
		"isBestMatch": true
	},
	{
		"id": 485,
		"price": "11.17000000",
		"qty": "4.25600000",
		"quoteQty": "47.53952000",
		"time": 1660896034815,
		"isBuyerMaker": true,
		"isBestMatch": true
	},
	{
		"id": 486,
		"price": "11.17000000",
		"qty": "6.33000000",
		"quoteQty": "70.70610000",
		"time": 1660896034838,
		"isBuyerMaker": true,
		"isBestMatch": true
	},
	{
		"id": 487,
		"price": "11.17000000",
		"qty": "7.97000000",
		"quoteQty": "89.02490000",
		"time": 1660896034854,
		"isBuyerMaker": true,
		"isBestMatch": true
	},
	{
		"id": 488,
		"price": "11.17000000",
		"qty": "2.06200000",
		"quoteQty": "23.03254000",
		"time": 1660896034864,
		"isBuyerMaker": true,
		"isBestMatch": true
	},
	{
		"id": 489,
		"price": "11.16000000",
		"qty": "5.93700000",
		"quoteQty": "66.25692000",
		"time": 1660896034864,
		"isBuyerMaker": true,
		"isBestMatch": true
	},
	{
		"id": 490,
		"price": "11.16000000",
		"qty": "6.73000000",
		"quoteQty": "75.10680000",
		"time": 1660896034902,
		"isBuyerMaker": true,
		"isBestMatch": true
	},
	{
		"id": 491,
		"price": "11.02000000",
		"qty": "49.23900000",
		"quoteQty": "542.61378000",
		"time": 1660896034902,
		"isBuyerMaker": true,
		"isBestMatch": true
	},
	{
		"id": 492,
		"price": "11.02000000",
		"qty": "44.03100000",
		"quoteQty": "485.22162000",
		"time": 1660896034902,
		"isBuyerMaker": true,
		"isBestMatch": true
	},
	{
		"id": 493,
		"price": "11.03000000",
		"qty": "2.04000000",
		"quoteQty": "22.50120000",
		"time": 1660896035319,
		"isBuyerMaker": true,
		"isBestMatch": true
	},
	{
		"id": 494,
		"price": "11.05000000",
		"qty": "2.83800000",
		"quoteQty": "31.35990000",
		"time": 1660896035964,
		"isBuyerMaker": false,
		"isBestMatch": true
	},
	{
		"id": 495,
		"price": "11.05000000",
		"qty": "0.99700000",
		"quoteQty": "11.01685000",
		"time": 1660896038544,
		"isBuyerMaker": false,
		"isBestMatch": true
	},
	{
		"id": 496,
		"price": "11.03000000",
		"qty": "39.91000000",
		"quoteQty": "440.20730000",
		"time": 1660896039857,
		"isBuyerMaker": true,
		"isBestMatch": true
	},
	{
		"id": 497,
		"price": "11.05000000",
		"qty": "13.10500000",
		"quoteQty": "144.81025000",
		"time": 1660896040043,
		"isBuyerMaker": false,
		"isBestMatch": true
	},
	{
		"id": 498,
		"price": "11.05000000",
		"qty": "27.60500000",
		"quoteQty": "305.03525000",
		"time": 1660896040043,
		"isBuyerMaker": false,
		"isBestMatch": true
	},
	{
		"id": 499,
		"price": "11.05000000",
		"qty": "23.32800000",
		"quoteQty": "257.77440000",
		"time": 1660896040043,
		"isBuyerMaker": false,
		"isBestMatch": true
	},
	{
		"id": 500,
		"price": "11.06000000",
		"qty": "25.17100000",
		"quoteQty": "278.39126000",
		"time": 1660896040043,
		"isBuyerMaker": false,
		"isBestMatch": true
	},
	{
		"id": 501,
		"price": "11.05000000",
		"qty": "83.01000000",
		"quoteQty": "917.26050000",
		"time": 1660896040261,
		"isBuyerMaker": true,
		"isBestMatch": true
	},
	{
		"id": 502,
		"price": "11.05000000",
		"qty": "27.14900000",
		"quoteQty": "299.99645000",
		"time": 1660896040261,
		"isBuyerMaker": true,
		"isBestMatch": true
	},
	{
		"id": 503,
		"price": "11.05000000",
		"qty": "122.40500000",
		"quoteQty": "1352.57525000",
		"time": 1660896040261,
		"isBuyerMaker": true,
		"isBestMatch": true
	},
	{
		"id": 504,
		"price": "11.04000000",
		"qty": "23.82900000",
		"quoteQty": "263.07216000",
		"time": 1660896040261,
		"isBuyerMaker": true,
		"isBestMatch": true
	},
	{
		"id": 505,
		"price": "11.04000000",
		"qty": "21.97300000",
		"quoteQty": "242.58192000",
		"time": 1660896040261,
		"isBuyerMaker": true,
		"isBestMatch": true
	},
	{
		"id": 506,
		"price": "11.04000000",
		"qty": "23.32400000",
		"quoteQty": "257.49696000",
		"time": 1660896040261,
		"isBuyerMaker": true,
		"isBestMatch": true
	},
	{
		"id": 507,
		"price": "11.04000000",
		"qty": "22.72700000",
		"quoteQty": "250.90608000",
		"time": 1660896040261,
		"isBuyerMaker": true,
		"isBestMatch": true
	},
	{
		"id": 508,
		"price": "11.00000000",
		"qty": "216.68200000",
		"quoteQty": "2383.50200000",
		"time": 1660896040261,
		"isBuyerMaker": true,
		"isBestMatch": true
	},
	{
		"id": 509,
		"price": "11.02000000",
		"qty": "73.09000000",
		"quoteQty": "805.45180000",
		"time": 1660896041587,
		"isBuyerMaker": true,
		"isBestMatch": true
	},
	{
		"id": 510,
		"price": "11.02000000",
		"qty": "208.80800000",
		"quoteQty": "2301.06416000",
		"time": 1660896041587,
		"isBuyerMaker": true,
		"isBestMatch": true
	},
	{
		"id": 511,
		"price": "11.01000000",
		"qty": "22.84400000",
		"quoteQty": "251.51244000",
		"time": 1660896041587,
		"isBuyerMaker": true,
		"isBestMatch": true
	},
	{
		"id": 512,
		"price": "11.01000000",
		"qty": "10.09200000",
		"quoteQty": "111.11292000",
		"time": 1660896041595,
		"isBuyerMaker": false,
		"isBestMatch": true
	},
	{
		"id": 513,
		"price": "11.00000000",
		"qty": "10.57600000",
		"quoteQty": "116.33600000",
		"time": 1660896041610,
		"isBuyerMaker": true,
		"isBestMatch": true
	},
	{
		"id": 514,
		"price": "11.00000000",
		"qty": "15.27000000",
		"quoteQty": "167.97000000",
		"time": 1660896041631,
		"isBuyerMaker": false,
		"isBestMatch": true
	},
	{
		"id": 515,
		"price": "11.00000000",
		"qty": "17.97000000",
		"quoteQty": "197.67000000",
		"time": 1660896041638,
		"isBuyerMaker": false,
		"isBestMatch": true
	},
	{
		"id": 516,
		"price": "11.00000000",
		"qty": "11.57700000",
		"quoteQty": "127.34700000",
		"time": 1660896041643,
		"isBuyerMaker": false,
		"isBestMatch": true
	},
	{
		"id": 517,
		"price": "11.00000000",
		"qty": "3.69300000",
		"quoteQty": "40.62300000",
		"time": 1660896041643,
		"isBuyerMaker": false,
		"isBestMatch": true
	},
	{
		"id": 518,
		"price": "11.00000000",
		"qty": "20.13600000",
		"quoteQty": "221.49600000",
		"time": 1660896041645,
		"isBuyerMaker": false,
		"isBestMatch": true
	},
	{
		"id": 519,
		"price": "11.00000000",
		"qty": "0.97400000",
		"quoteQty": "10.71400000",
		"time": 1660896041645,
		"isBuyerMaker": false,
		"isBestMatch": true
	},
	{
		"id": 520,
		"price": "11.00000000",
		"qty": "21.75300000",
		"quoteQty": "239.28300000",
		"time": 1660896041651,
		"isBuyerMaker": false,
		"isBestMatch": true
	},
	{
		"id": 521,
		"price": "11.01000000",
		"qty": "1.57000000",
		"quoteQty": "17.28570000",
		"time": 1660896041651,
		"isBuyerMaker": false,
		"isBestMatch": true
	},
	{
		"id": 522,
		"price": "11.00000000",
		"qty": "23.19700000",
		"quoteQty": "255.16700000",
		"time": 1660896041703,
		"isBuyerMaker": false,
		"isBestMatch": true
	},
	{
		"id": 523,
		"price": "11.00000000",
		"qty": "0.12700000",
		"quoteQty": "1.39700000",
		"time": 1660896041707,
		"isBuyerMaker": false,
		"isBestMatch": true
	},
	{
		"id": 524,
		"price": "11.01000000",
		"qty": "23.19700000",
		"quoteQty": "255.39897000",
		"time": 1660896041712,
		"isBuyerMaker": false,
		"isBestMatch": true
	},
	{
		"id": 525,
		"price": "11.01000000",
		"qty": "4.79300000",
		"quoteQty": "52.77093000",
		"time": 1660896041734,
		"isBuyerMaker": false,
		"isBestMatch": true
	},
	{
		"id": 526,
		"price": "11.01000000",
		"qty": "18.01000000",
		"quoteQty": "198.29010000",
		"time": 1660896041736,
		"isBuyerMaker": false,
		"isBestMatch": true
	},
	{
		"id": 527,
		"price": "11.01000000",
		"qty": "15.39000000",
		"quoteQty": "169.44390000",
		"time": 1660896041761,
		"isBuyerMaker": false,
		"isBestMatch": true
	},
	{
		"id": 528,
		"price": "11.01000000",
		"qty": "0.08400000",
		"quoteQty": "0.92484000",
		"time": 1660896041764,
		"isBuyerMaker": false,
		"isBestMatch": true
	},
	{
		"id": 529,
		"price": "11.10000000",
		"qty": "4.75400000",
		"quoteQty": "52.76940000",
		"time": 1660896041834,
		"isBuyerMaker": false,
		"isBestMatch": true
	},
	{
		"id": 530,
		"price": "11.08000000",
		"qty": "21.91700000",
		"quoteQty": "242.84036000",
		"time": 1660896043275,
		"isBuyerMaker": true,
		"isBestMatch": true
	},
	{
		"id": 531,
		"price": "11.08000000",
		"qty": "21.29700000",
		"quoteQty": "235.97076000",
		"time": 1660896043275,
		"isBuyerMaker": true,
		"isBestMatch": true
	},
	{
		"id": 532,
		"price": "11.08000000",
		"qty": "22.50600000",
		"quoteQty": "249.36648000",
		"time": 1660896043275,
		"isBuyerMaker": true,
		"isBestMatch": true
	},
	{
		"id": 533,
		"price": "11.08000000",
		"qty": "22.38100000",
		"quoteQty": "247.98148000",
		"time": 1660896043275,
		"isBuyerMaker": true,
		"isBestMatch": true
	},
	{
		"id": 534,
		"price": "11.07000000",
		"qty": "15.30600000",
		"quoteQty": "169.43742000",
		"time": 1660896043275,
		"isBuyerMaker": true,
		"isBestMatch": true
	},
	{
		"id": 535,
		"price": "11.05000000",
		"qty": "1.30100000",
		"quoteQty": "14.37605000",
		"time": 1660896043275,
		"isBuyerMaker": true,
		"isBestMatch": true
	},
	{
		"id": 536,
		"price": "10.97000000",
		"qty": "112.44800000",
		"quoteQty": "1233.55456000",
		"time": 1660896043275,
		"isBuyerMaker": true,
		"isBestMatch": true
	},
	{
		"id": 537,
		"price": "10.97000000",
		"qty": "28.40900000",
		"quoteQty": "311.64673000",
		"time": 1660896043275,
		"isBuyerMaker": true,
		"isBestMatch": true
	},
	{
		"id": 538,
		"price": "10.85000000",
		"qty": "7.73800000",
		"quoteQty": "83.95730000",
		"time": 1660896043275,
		"isBuyerMaker": true,
		"isBestMatch": true
	},
	{
		"id": 539,
		"price": "10.85000000",
		"qty": "5.47400000",
		"quoteQty": "59.39290000",
		"time": 1660896043275,
		"isBuyerMaker": true,
		"isBestMatch": true
	},
	{
		"id": 540,
		"price": "10.84000000",
		"qty": "255.33000000",
		"quoteQty": "2767.77720000",
		"time": 1660896043275,
		"isBuyerMaker": true,
		"isBestMatch": true
	},
	{
		"id": 541,
		"price": "10.83000000",
		"qty": "8.31000000",
		"quoteQty": "89.99730000",
		"time": 1660896043275,
		"isBuyerMaker": true,
		"isBestMatch": true
	},
	{
		"id": 542,
		"price": "10.83000000",
		"qty": "376.31000000",
		"quoteQty": "4075.43730000",
		"time": 1660896043275,
		"isBuyerMaker": true,
		"isBestMatch": true
	},
	{
		"id": 543,
		"price": "10.82000000",
		"qty": "3.61200000",
		"quoteQty": "39.08184000",
		"time": 1660896043275,
		"isBuyerMaker": true,
		"isBestMatch": true
	},
	{
		"id": 544,
		"price": "10.79000000",
		"qty": "15.08000000",
		"quoteQty": "162.71320000",
		"time": 1660896043275,
		"isBuyerMaker": true,
		"isBestMatch": true
	},
	{
		"id": 545,
		"price": "10.78000000",
		"qty": "2.70600000",
		"quoteQty": "29.17068000",
		"time": 1660896043275,
		"isBuyerMaker": true,
		"isBestMatch": true
	},
	{
		"id": 546,
		"price": "10.77000000",
		"qty": "4.40200000",
		"quoteQty": "47.40954000",
		"time": 1660896043275,
		"isBuyerMaker": true,
		"isBestMatch": true
	},
	{
		"id": 547,
		"price": "10.76000000",
		"qty": "6.16300000",
		"quoteQty": "66.31388000",
		"time": 1660896043275,
		"isBuyerMaker": true,
		"isBestMatch": true
	},
	{
		"id": 548,
		"price": "10.87000000",
		"qty": "2.93000000",
		"quoteQty": "31.84910000",
		"time": 1660896043320,
		"isBuyerMaker": false,
		"isBestMatch": true
	},
	{
		"id": 549,
		"price": "10.86000000",
		"qty": "2.07700000",
		"quoteQty": "22.55622000",
		"time": 1660896043352,
		"isBuyerMaker": false,
		"isBestMatch": true
	},
	{
		"id": 550,
		"price": "10.86000000",
		"qty": "19.84000000",
		"quoteQty": "215.46240000",
		"time": 1660896043361,
		"isBuyerMaker": false,
		"isBestMatch": true
	},
	{
		"id": 551,
		"price": "10.87000000",
		"qty": "1.95600000",
		"quoteQty": "21.26172000",
		"time": 1660896043361,
		"isBuyerMaker": false,
		"isBestMatch": true
	},
	{
		"id": 552,
		"price": "10.86000000",
		"qty": "21.29700000",
		"quoteQty": "231.28542000",
		"time": 1660896043365,
		"isBuyerMaker": false,
		"isBestMatch": true
	},
	{
		"id": 553,
		"price": "10.87000000",
		"qty": "0.49900000",
		"quoteQty": "5.42413000",
		"time": 1660896043365,
		"isBuyerMaker": false,
		"isBestMatch": true
	},
	{
		"id": 554,
		"price": "10.86000000",
		"qty": "10.44000000",
		"quoteQty": "113.37840000",
		"time": 1660896043410,
		"isBuyerMaker": false,
		"isBestMatch": true
	},
	{
		"id": 555,
		"price": "10.85000000",
		"qty": "18.06000000",
		"quoteQty": "195.95100000",
		"time": 1660896043428,
		"isBuyerMaker": false,
		"isBestMatch": true
	},
	{
		"id": 556,
		"price": "10.85000000",
		"qty": "4.44600000",
		"quoteQty": "48.23910000",
		"time": 1660896043433,
		"isBuyerMaker": false,
		"isBestMatch": true
	},
	{
		"id": 557,
		"price": "10.86000000",
		"qty": "11.94100000",
		"quoteQty": "129.67926000",
		"time": 1660896043433,
		"isBuyerMaker": false,
		"isBestMatch": true
	},
	{
		"id": 558,
		"price": "10.87000000",
		"qty": "0.77800000",
		"quoteQty": "8.45686000",
		"time": 1660896043433,
		"isBuyerMaker": false,
		"isBestMatch": true
	},
	{
		"id": 559,
		"price": "11.05000000",
		"qty": "4.75600000",
		"quoteQty": "52.55380000",
		"time": 1660896043452,
		"isBuyerMaker": false,
		"isBestMatch": true
	},
	{
		"id": 560,
		"price": "11.02000000",
		"qty": "21.73000000",
		"quoteQty": "239.46460000",
		"time": 1660896043661,
		"isBuyerMaker": true,
		"isBestMatch": true
	},
	{
		"id": 561,
		"price": "11.02000000",
		"qty": "22.42200000",
		"quoteQty": "247.09044000",
		"time": 1660896043661,
		"isBuyerMaker": true,
		"isBestMatch": true
	},
	{
		"id": 562,
		"price": "11.01000000",
		"qty": "23.22000000",
		"quoteQty": "255.65220000",
		"time": 1660896043661,
		"isBuyerMaker": true,
		"isBestMatch": true
	},
	{
		"id": 563,
		"price": "11.00000000",
		"qty": "1.36500000",
		"quoteQty": "15.01500000",
		"time": 1660896043661,
		"isBuyerMaker": true,
		"isBestMatch": true
	},
	{
		"id": 564,
		"price": "11.00000000",
		"qty": "23.22000000",
		"quoteQty": "255.42000000",
		"time": 1660896045104,
		"isBuyerMaker": false,
		"isBestMatch": true
	},
	{
		"id": 565,
		"price": "11.00000000",
		"qty": "22.23400000",
		"quoteQty": "244.57400000",
		"time": 1660896045104,
		"isBuyerMaker": false,
		"isBestMatch": true
	},
	{
		"id": 566,
		"price": "11.00000000",
		"qty": "0.18800000",
		"quoteQty": "2.06800000",
		"time": 1660896045504,
		"isBuyerMaker": false,
		"isBestMatch": true
	},
	{
		"id": 567,
		"price": "11.00000000",
		"qty": "7.42500000",
		"quoteQty": "81.67500000",
		"time": 1660896045504,
		"isBuyerMaker": false,
		"isBestMatch": true
	},
	{
		"id": 568,
		"price": "11.00000000",
		"qty": "10.14200000",
		"quoteQty": "111.56200000",
		"time": 1660896046943,
		"isBuyerMaker": false,
		"isBestMatch": true
	},
	{
		"id": 569,
		"price": "11.00000000",
		"qty": "4.16300000",
		"quoteQty": "45.79300000",
		"time": 1660896046946,
		"isBuyerMaker": false,
		"isBestMatch": true
	},
	{
		"id": 570,
		"price": "11.01000000",
		"qty": "4.16300000",
		"quoteQty": "45.83463000",
		"time": 1660896046953,
		"isBuyerMaker": false,
		"isBestMatch": true
	},
	{
		"id": 571,
		"price": "11.01000000",
		"qty": "6.14700000",
		"quoteQty": "67.67847000",
		"time": 1660896046969,
		"isBuyerMaker": false,
		"isBestMatch": true
	},
	{
		"id": 572,
		"price": "11.01000000",
		"qty": "5.68000000",
		"quoteQty": "62.53680000",
		"time": 1660896046986,
		"isBuyerMaker": false,
		"isBestMatch": true
	},
	{
		"id": 573,
		"price": "11.01000000",
		"qty": "6.37000000",
		"quoteQty": "70.13370000",
		"time": 1660896047046,
		"isBuyerMaker": false,
		"isBestMatch": true
	},
	{
		"id": 574,
		"price": "11.00000000",
		"qty": "76.85600000",
		"quoteQty": "845.41600000",
		"time": 1660896047062,
		"isBuyerMaker": false,
		"isBestMatch": true
	},
	{
		"id": 575,
		"price": "11.00000000",
		"qty": "21.32000000",
		"quoteQty": "234.52000000",
		"time": 1660896047064,
		"isBuyerMaker": false,
		"isBestMatch": true
	},
	{
		"id": 576,
		"price": "11.01000000",
		"qty": "0.03500000",
		"quoteQty": "0.38535000",
		"time": 1660896047064,
		"isBuyerMaker": false,
		"isBestMatch": true
	},
	{
		"id": 577,
		"price": "11.02000000",
		"qty": "32.63600000",
		"quoteQty": "359.64872000",
		"time": 1660896047064,
		"isBuyerMaker": false,
		"isBestMatch": true
	},
	{
		"id": 578,
		"price": "11.02000000",
		"qty": "32.63600000",
		"quoteQty": "359.64872000",
		"time": 1660896047064,
		"isBuyerMaker": false,
		"isBestMatch": true
	},
	{
		"id": 579,
		"price": "11.02000000",
		"qty": "32.63600000",
		"quoteQty": "359.64872000",
		"time": 1660896047064,
		"isBuyerMaker": false,
		"isBestMatch": true
	},
	{
		"id": 580,
		"price": "11.02000000",
		"qty": "32.63600000",
		"quoteQty": "359.64872000",
		"time": 1660896047064,
		"isBuyerMaker": false,
		"isBestMatch": true
	},
	{
		"id": 581,
		"price": "11.02000000",
		"qty": "3.19400000",
		"quoteQty": "35.19788000",
		"time": 1660896047064,
		"isBuyerMaker": false,
		"isBestMatch": true
	},
	{
		"id": 582,
		"price": "11.02000000",
		"qty": "10.16500000",
		"quoteQty": "112.01830000",
		"time": 1660896047096,
		"isBuyerMaker": false,
		"isBestMatch": true
	},
	{
		"id": 583,
		"price": "11.02000000",
		"qty": "19.17200000",
		"quoteQty": "211.27544000",
		"time": 1660896047115,
		"isBuyerMaker": false,
		"isBestMatch": true
	},
	{
		"id": 584,
		"price": "11.02000000",
		"qty": "0.10500000",
		"quoteQty": "1.15710000",
		"time": 1660896047138,
		"isBuyerMaker": false,
		"isBestMatch": true
	},
	{
		"id": 585,
		"price": "11.02000000",
		"qty": "24.24000000",
		"quoteQty": "267.12480000",
		"time": 1660896047138,
		"isBuyerMaker": false,
		"isBestMatch": true
	},
	{
		"id": 586,
