[
	{
		"id": 0,
		"price": "2.89000000",
		"qty": "3.50000000",
		"quoteQty": "10.11500000",
		"time": 1665734400000,
		"isBuyerMaker": false,
		"isBestMatch": true
	},
	{
		"id": 1,
		"price": "3.37000000",
		"qty": "9.80000000",
		"quoteQty": "33.02600000",
		"time": 1665734400146,
		"isBuyerMaker": false,
		"isBestMatch": true
	},
	{
		"id": 2,
		"price": "3.37000000",
		"qty": "5.50000000",
		"quoteQty": "18.53500000",
		"time": 1665734400334,
		"isBuyerMaker": false,
		"isBestMatch": true
	},
	{
		"id": 3,
		"price": "3.37000000",
		"qty": "139.00000000",
		"quoteQty": "468.43000000",
		"time": 1665734400749,
		"isBuyerMaker": false,
		"isBestMatch": true
	},
	{
		"id": 4,
		"price": "3.38000000",
		"qty": "26.30000000",
		"quoteQty": "88.89400000",
		"time": 1665734400749,
		"isBuyerMaker": false,
		"isBestMatch": true
	},
	{
		"id": 5,
		"price": "3.38000000",
		"qty": "23.50000000",
		"quoteQty": "79.43000000",
		"time": 1665734400802,
		"isBuyerMaker": false,
		"isBestMatch": true
	},
	{
		"id": 6,
		"price": "3.38000000",
		"qty": "171.60000000",
		"quoteQty": "580.00800000",
		"time": 1665734400814,
		"isBuyerMaker": false,
		"isBestMatch": true
	},
	{
		"id": 7,
		"price": "3.38000000",
		"qty": "871.70000000",
		"quoteQty": "2946.34600000",
		"time": 1665734401120,
		"isBuyerMaker": false,
		"isBestMatch": true
	},
	{
		"id": 8,
		"price": "3.38000000",
		"qty": "10.50000000",
		"quoteQty": "35.49000000",
		"time": 1665734401122,
		"isBuyerMaker": false,
		"isBestMatch": true
	},
	{
		"id": 9,
		"price": "3.38000000",
		"qty": "5.40000000",
		"quoteQty": "18.25200000",
		"time": 1665734401146,
		"isBuyerMaker": false,
		"isBestMatch": true
	},
	{
		"id": 10,
		"price": "3.38000000",
		"qty": "2.90000000",
		"quoteQty": "9.80200000",
		"time": 1665734401151,
		"isBuyerMaker": false,
		"isBestMatch": true
	},
	{
		"id": 11,
		"price": "3.38000000",
		"qty": "2.90000000",
		"quoteQty": "9.80200000",
		"time": 1665734401355,
		"isBuyerMaker": false,
		"isBestMatch": true
	},
	{
		"id": 12,
		"price": "3.33100000",
		"qty": "5.90000000",
		"quoteQty": "19.65290000",
		"time": 1665734401567,
		"isBuyerMaker": true,
		"isBestMatch": true
	},
	{
		"id": 13,
		"price": "3.33000000",
		"qty": "3.10000000",
		"quoteQty": "10.32300000",
		"time": 1665734401567,
		"isBuyerMaker": true,
		"isBestMatch": true
	},
	{
		"id": 14,
		"price": "3.20400000",
		"qty": "51.50000000",
		"quoteQty": "165.00600000",
		"time": 1665734401567,
		"isBuyerMaker": true,
		"isBestMatch": true
	},
	{
		"id": 15,
		"price": "3.20100000",
		"qty": "93.70000000",
		"quoteQty": "299.93370000",
		"time": 1665734401567,
		"isBuyerMaker": true,
		"isBestMatch": true
	},
	{
		"id": 16,
		"price": "3.04100000",
		"qty": "69.50000000",
		"quoteQty": "211.34950000",
		"time": 1665734401567,
		"isBuyerMaker": true,
		"isBestMatch": true
	},
	{
		"id": 17,
		"price": "3.04000000",
		"qty": "230.80000000",
		"quoteQty": "701.63200000",
		"time": 1665734401567,
		"isBuyerMaker": true,
		"isBestMatch": true
	},
	{
		"id": 18,
		"price": "3.36900000",
		"qty": "14.80000000",
		"quoteQty": "49.86120000",
		"time": 1665734401610,
		"isBuyerMaker": false,
		"isBestMatch": true
	},
	{
		"id": 19,
		"price": "3.36800000",
		"qty": "5.90000000",
		"quoteQty": "19.87120000",
		"time": 1665734401651,
		"isBuyerMaker": false,
		"isBestMatch": true
	},
	{
		"id": 20,
		"price": "3.36900000",
		"qty": "9.30000000",
		"quoteQty": "31.33170000",
		"time": 1665734401651,
		"isBuyerMaker": false,
		"isBestMatch": true
	},
	{
		"id": 21,
		"price": "3.36800000",
		"qty": "40.00000000",
		"quoteQty": "134.72000000",
		"time": 1665734402000,
		"isBuyerMaker": false,
		"isBestMatch": true
	},
	{
		"id": 22,
		"price": "3.36800000",
		"qty": "5.90000000",
		"quoteQty": "19.87120000",
		"time": 1665734402027,
		"isBuyerMaker": false,
		"isBestMatch": true
	},
	{
		"id": 23,
		"price": "3.35400000",
		"qty": "38.80000000",
		"quoteQty": "130.13520000",
		"time": 1665734402178,
		"isBuyerMaker": false,
		"isBestMatch": true
	},
	{
		"id": 24,
		"price": "3.35400000",
		"qty": "54.90000000",
		"quoteQty": "184.13460000",
		"time": 1665734402197,
		"isBuyerMaker": false,
		"isBestMatch": true
	},
	{
		"id": 25,
		"price": "3.36800000",
		"qty": "5.50000000",
		"quoteQty": "18.52400000",
		"time": 1665734402197,
		"isBuyerMaker": false,
		"isBestMatch": true
	},
	{
		"id": 26,
		"price": "3.36900000",
		"qty": "670.80000000",
		"quoteQty": "2259.92520000",
		"time": 1665734402197,
		"isBuyerMaker": false,
		"isBestMatch": true
	},
	{
		"id": 27,
		"price": "3.29100000",
		"qty": "5.90000000",
		"quoteQty": "19.41690000",
		"time": 1665734402209,
		"isBuyerMaker": true,
		"isBestMatch": true
	},
	{
		"id": 28,
		"price": "3.29000000",
		"qty": "13.30000000",
		"quoteQty": "43.75700000",
		"time": 1665734402209,
		"isBuyerMaker": true,
		"isBestMatch": true
	},
	{
		"id": 29,
		"price": "3.28800000",
		"qty": "190.90000000",
		"quoteQty": "627.67920000",
		"time": 1665734402209,
		"isBuyerMaker": true,
		"isBestMatch": true
	},
	{
		"id": 30,
		"price": "3.23400000",
		"qty": "5.10000000",
		"quoteQty": "16.49340000",
		"time": 1665734402209,
		"isBuyerMaker": true,
		"isBestMatch": true
	},
	{
		"id": 31,
		"price": "3.23400000",
		"qty": "68.10000000",
		"quoteQty": "220.23540000",
		"time": 1665734402209,
		"isBuyerMaker": true,
		"isBestMatch": true
	},
	{
		"id": 32,
		"price": "3.23300000",
		"qty": "61.70000000",
		"quoteQty": "199.47610000",
		"time": 1665734402209,
		"isBuyerMaker": true,
		"isBestMatch": true
	},
	{
		"id": 33,
		"price": "3.16600000",
		"qty": "78.80000000",
		"quoteQty": "249.48080000",
		"time": 1665734402209,
		"isBuyerMaker": true,
		"isBestMatch": true
	},
	{
		"id": 34,
		"price": "3.16600000",
		"qty": "6.70000000",
		"quoteQty": "21.21220000",
		"time": 1665734402209,
		"isBuyerMaker": true,
		"isBestMatch": true
	},
	{
		"id": 35,
		"price": "3.16400000",
		"qty": "479.70000000",
		"quoteQty": "1517.77080000",
		"time": 1665734402209,
		"isBuyerMaker": true,
		"isBestMatch": true
	},
	{
		"id": 36,
		"price": "3.33000000",
		"qty": "6.20000000",
		"quoteQty": "20.64600000",
		"time": 1665734402257,
		"isBuyerMaker": false,
		"isBestMatch": true
	},
	{
		"id": 37,
		"price": "3.33000000",
		"qty": "0.70000000",
		"quoteQty": "2.33100000",
		"time": 1665734402257,
		"isBuyerMaker": false,
		"isBestMatch": true
	},
	{
		"id": 38,
		"price": "3.19600000",
		"qty": "60.70000000",
		"quoteQty": "193.99720000",
		"time": 1665734402341,
		"isBuyerMaker": false,
		"isBestMatch": true
	},
	{
		"id": 39,
		"price": "3.19600000",
		"qty": "60.70000000",
		"quoteQty": "193.99720000",
		"time": 1665734402344,
		"isBuyerMaker": false,
		"isBestMatch": true
	},
	{
		"id": 40,
		"price": "3.19600000",
		"qty": "60.70000000",
		"quoteQty": "193.99720000",
		"time": 1665734402345,
		"isBuyerMaker": false,
		"isBestMatch": true
	},
	{
		"id": 41,
		"price": "3.19500000",
		"qty": "5.90000000",
		"quoteQty": "18.85050000",
		"time": 1665734402379,
		"isBuyerMaker": false,
		"isBestMatch": true
	},
	{
		"id": 42,
		"price": "3.19600000",
		"qty": "65.40000000",
		"quoteQty": "209.01840000",
		"time": 1665734402379,
		"isBuyerMaker": false,
		"isBestMatch": true
	},
	{
		"id": 43,
		"price": "3.19600000",
		"qty": "89.20000000",
		"quoteQty": "285.08320000",
		"time": 1665734402381,
		"isBuyerMaker": false,
		"isBestMatch": true
	},
	{
		"id": 44,
		"price": "3.19600000",
		"qty": "64.30000000",
		"quoteQty": "205.50280000",
		"time": 1665734402390,
		"isBuyerMaker": false,
		"isBestMatch": true
	},
	{
		"id": 45,
		"price": "3.19600000",
		"qty": "28.10000000",
		"quoteQty": "89.80760000",
		"time": 1665734402421,
		"isBuyerMaker": false,
		"isBestMatch": true
	},
	{
		"id": 46,
		"price": "3.19600000",
		"qty": "15.80000000",
		"quoteQty": "50.49680000",
		"time": 1665734402428,
		"isBuyerMaker": false,
		"isBestMatch": true
	},
	{
		"id": 47,
		"price": "3.19600000",
		"qty": "17.00000000",
		"quoteQty": "54.33200000",
		"time": 1665734402434,
		"isBuyerMaker": false,
		"isBestMatch": true
	},
	{
		"id": 48,
		"price": "3.19600000",
		"qty": "17.80000000",
		"quoteQty": "56.88880000",
		"time": 1665734402436,
		"isBuyerMaker": false,
		"isBestMatch": true
	},
	{
		"id": 49,
		"price": "3.32900000",
		"qty": "13.20000000",
		"quoteQty": "43.94280000",
		"time": 1665734402465,
		"isBuyerMaker": false,
		"isBestMatch": true
	},
	{
		"id": 50,
		"price": "3.32900000",
		"qty": "5.10000000",
		"quoteQty": "16.97790000",
		"time": 1665734402465,
		"isBuyerMaker": false,
		"isBestMatch": true
	},
	{
		"id": 51,
		"price": "3.33000000",
		"qty": "5.50000000",
		"quoteQty": "18.31500000",
		"time": 1665734402465,
		"isBuyerMaker": false,
		"isBestMatch": true
	},
	{
		"id": 52,
		"price": "3.33000000",
		"qty": "2.40000000",
		"quoteQty": "7.99200000",
		"time": 1665734402465,
		"isBuyerMaker": false,
		"isBestMatch": true
	},
	{
		"id": 53,
		"price": "3.30000000",
		"qty": "167.30000000",
		"quoteQty": "552.09000000",
		"time": 1665734402491,
		"isBuyerMaker": true,
		"isBestMatch": true
	},
	{
		"id": 54,
		"price": "3.16600000",
		"qty": "57.50000000",
		"quoteQty": "182.04500000",
		"time": 1665734402491,
		"isBuyerMaker": true,
		"isBestMatch": true
	},
	{
		"id": 55,
		"price": "3.16400000",
		"qty": "281.80000000",
		"quoteQty": "891.61520000",
		"time": 1665734402491,
		"isBuyerMaker": true,
		"isBestMatch": true
	},
	{
		"id": 56,
		"price": "3.33000000",
		"qty": "3.80000000",
		"quoteQty": "12.65400000",
		"time": 1665734402574,
		"isBuyerMaker": false,
		"isBestMatch": true
	},
	{
		"id": 57,
		"price": "3.33000000",
		"qty": "6.20000000",
		"quoteQty": "20.64600000",
		"time": 1665734402574,
		"isBuyerMaker": false,
		"isBestMatch": true
	},
	{
		"id": 58,
		"price": "3.33000000",
		"qty": "6.20000000",
		"quoteQty": "20.64600000",
		"time": 1665734402574,
		"isBuyerMaker": false,
		"isBestMatch": true
	},
	{
		"id": 59,
		"price": "3.33000000",
		"qty": "6.20000000",
		"quoteQty": "20.64600000",
		"time": 1665734402574,
		"isBuyerMaker": false,
		"isBestMatch": true
	},
	{
		"id": 60,
		"price": "3.33000000",
		"qty": "6.20000000",
		"quoteQty": "20.64600000",
		"time": 1665734402574,
		"isBuyerMaker": false,
		"isBestMatch": true
	},
	{
		"id": 61,
		"price": "3.33000000",
		"qty": "6.20000000",
		"quoteQty": "20.64600000",
		"time": 1665734402574,
		"isBuyerMaker": false,
		"isBestMatch": true
	},
	{
		"id": 62,
		"price": "3.33000000",
		"qty": "6.20000000",
		"quoteQty": "20.64600000",
		"time": 1665734402574,
		"isBuyerMaker": false,
		"isBestMatch": true
	},
	{
		"id": 63,
		"price": "3.33000000",
		"qty": "5.90000000",
		"quoteQty": "19.64700000",
		"time": 1665734402574,
		"isBuyerMaker": false,
		"isBestMatch": true
	},
	{
		"id": 64,
		"price": "3.36900000",
		"qty": "242.10000000",
		"quoteQty": "815.63490000",
		"time": 1665734402574,
		"isBuyerMaker": false,
		"isBestMatch": true
	},
	{
		"id": 65,
		"price": "3.19600000",
		"qty": "12.40000000",
		"quoteQty": "39.63040000",
		"time": 1665734402678,
		"isBuyerMaker": false,
		"isBestMatch": true
	},
	{
		"id": 66,
		"price": "3.19600000",
		"qty": "269.40000000",
		"quoteQty": "861.00240000",
		"time": 1665734402708,
		"isBuyerMaker": false,
		"isBestMatch": true
	},
	{
		"id": 67,
		"price": "3.26100000",
		"qty": "7.90000000",
		"quoteQty": "25.76190000",
		"time": 1665734402800,
		"isBuyerMaker": false,
		"isBestMatch": true
	},
	{
		"id": 68,
		"price": "3.26100000",
		"qty": "2.90000000",
		"quoteQty": "9.45690000",
		"time": 1665734402800,
		"isBuyerMaker": false,
		"isBestMatch": true
	},
	{
		"id": 69,
		"price": "3.26100000",
		"qty": "3.00000000",
		"quoteQty": "9.78300000",
		"time": 1665734402833,
		"isBuyerMaker": false,
		"isBestMatch": true
	},
	{
		"id": 70,
		"price": "3.26100000",
		"qty": "2.00000000",
		"quoteQty": "6.52200000",
		"time": 1665734402853,
		"isBuyerMaker": false,
		"isBestMatch": true
	},
	{
		"id": 71,
		"price": "3.26100000",
		"qty": "7.90000000",
		"quoteQty": "25.76190000",
		"time": 1665734402853,
		"isBuyerMaker": false,
		"isBestMatch": true
	},
	{
		"id": 72,
		"price": "3.26100000",
		"qty": "7.90000000",
		"quoteQty": "25.76190000",
		"time": 1665734402853,
		"isBuyerMaker": false,
		"isBestMatch": true
	},
	{
		"id": 73,
		"price": "3.26100000",
		"qty": "7.90000000",
		"quoteQty": "25.76190000",
		"time": 1665734402853,
		"isBuyerMaker": false,
		"isBestMatch": true
	},
	{
		"id": 74,
		"price": "3.26100000",
		"qty": "7.90000000",
		"quoteQty": "25.76190000",
		"time": 1665734402853,
		"isBuyerMaker": false,
		"isBestMatch": true
	},
	{
		"id": 75,
		"price": "3.26100000",
		"qty": "7.90000000",
		"quoteQty": "25.76190000",
		"time": 1665734402853,
		"isBuyerMaker": false,
		"isBestMatch": true
	},
	{
		"id": 76,
		"price": "3.26100000",
		"qty": "6.90000000",
		"quoteQty": "22.50090000",
		"time": 1665734402853,
		"isBuyerMaker": false,
		"isBestMatch": true
	},
	{
		"id": 77,
		"price": "3.23800000",
		"qty": "6.10000000",
		"quoteQty": "19.75180000",
		"time": 1665734402879,
		"isBuyerMaker": true,
		"isBestMatch": true
	},
	{
		"id": 78,
		"price": "3.23700000",
		"qty": "2.70000000",
		"quoteQty": "8.73990000",
		"time": 1665734402879,
		"isBuyerMaker": true,
		"isBestMatch": true
	},
	{
		"id": 79,
		"price": "3.26000000",
		"qty": "9.10000000",
		"quoteQty": "29.66600000",
		"time": 1665734402901,
		"isBuyerMaker": false,
		"isBestMatch": true
	},
	{
		"id": 80,
		"price": "3.25900000",
		"qty": "6.00000000",
		"quoteQty": "19.55400000",
		"time": 1665734402956,
		"isBuyerMaker": false,
		"isBestMatch": true
	},
	{
		"id": 81,
		"price": "3.26000000",
		"qty": "17.90000000",
		"quoteQty": "58.35400000",
		"time": 1665734402967,
		"isBuyerMaker": false,
		"isBestMatch": true
	},
	{
		"id": 82,
		"price": "3.26000000",
		"qty": "5.60000000",
		"quoteQty": "18.25600000",
		"time": 1665734402967,
		"isBuyerMaker": false,
		"isBestMatch": true
	},
	{
		"id": 83,
		"price": "3.26000000",
		"qty": "9.80000000",
		"quoteQty": "31.94800000",
		"time": 1665734403005,
		"isBuyerMaker": false,
		"isBestMatch": true
	},
	{
		"id": 84,
		"price": "3.26000000",
		"qty": "11.60000000",
		"quoteQty": "37.81600000",
		"time": 1665734403008,
		"isBuyerMaker": false,
		"isBestMatch": true
	},
	{
		"id": 85,
		"price": "3.26000000",
		"qty": "2.20000000",
		"quoteQty": "7.17200000",
		"time": 1665734403008,
		"isBuyerMaker": false,
		"isBestMatch": true
	},
	{
		"id": 86,
		"price": "3.26000000",
		"qty": "24.80000000",
		"quoteQty": "80.84800000",
		"time": 1665734403064,
		"isBuyerMaker": false,
		"isBestMatch": true
	},
	{
		"id": 87,
		"price": "3.26000000",
		"qty": "11.50000000",
		"quoteQty": "37.49000000",
		"time": 1665734403064,
		"isBuyerMaker": false,
		"isBestMatch": true
	},
	{
		"id": 88,
		"price": "3.26000000",
		"qty": "15.50000000",
		"quoteQty": "50.53000000",
		"time": 1665734403128,
		"isBuyerMaker": false,
		"isBestMatch": true
	},
	{
		"id": 89,
		"price": "3.26000000",
		"qty": "2.10000000",
		"quoteQty": "6.84600000",
		"time": 1665734403128,
		"isBuyerMaker": false,
		"isBestMatch": true
	},
	{
		"id": 90,
		"price": "3.24800000",
		"qty": "6.10000000",
		"quoteQty": "19.81280000",
		"time": 1665734403204,
		"isBuyerMaker": true,
		"isBestMatch": true
	},
	{
		"id": 91,
		"price": "3.23000000",
		"qty": "10.30000000",
		"quoteQty": "33.26900000",
		"time": 1665734403204,
		"isBuyerMaker": true,
		"isBestMatch": true
	},
	{
		"id": 92,
		"price": "3.25900000",
		"qty": "6.00000000",
		"quoteQty": "19.55400000",
		"time": 1665734403399,
		"isBuyerMaker": false,
		"isBestMatch": true
	},
	{
		"id": 93,
		"price": "3.26000000",
		"qty": "24.90000000",
		"quoteQty": "81.17400000",
		"time": 1665734403399,
		"isBuyerMaker": false,
		"isBestMatch": true
	},
	{
		"id": 94,
		"price": "3.26000000",
		"qty": "25.90000000",
		"quoteQty": "84.43400000",
		"time": 1665734403399,
		"isBuyerMaker": false,
		"isBestMatch": true
	},
	{
		"id": 95,
		"price": "3.26000000",
		"qty": "1.10000000",
		"quoteQty": "3.58600000",
		"time": 1665734403400,
		"isBuyerMaker": false,
		"isBestMatch": true
	},
	{
		"id": 96,
		"price": "3.26000000",
		"qty": "27.00000000",
		"quoteQty": "88.02000000",
		"time": 1665734403400,
		"isBuyerMaker": false,
		"isBestMatch": true
	},
	{
		"id": 97,
		"price": "3.26000000",
		"qty": "27.00000000",
		"quoteQty": "88.02000000",
		"time": 1665734403400,
		"isBuyerMaker": false,
		"isBestMatch": true
	},
	{
		"id": 98,
		"price": "3.26000000",
		"qty": "5.60000000",
		"quoteQty": "18.25600000",
		"time": 1665734403400,
		"isBuyerMaker": false,
		"isBestMatch": true
	},
	{
		"id": 99,
		"price": "3.26000000",
		"qty": "21.40000000",
		"quoteQty": "69.76400000",
		"time": 1665734403413,
		"isBuyerMaker": false,
		"isBestMatch": true
	},
	{
		"id": 100,
		"price": "3.26000000",
		"qty": "26.40000000",
		"quoteQty": "86.06400000",
		"time": 1665734403413,
		"isBuyerMaker": false,
		"isBestMatch": true
	},
	{
		"id": 101,
		"price": "3.29600000",
		"qty": "63.20000000",
		"quoteQty": "208.30720000",
		"time": 1665734403413,
		"isBuyerMaker": false,
		"isBestMatch": true
	},
	{
		"id": 102,
		"price": "3.23600000",
		"qty": "6.10000000",
		"quoteQty": "19.73960000",
		"time": 1665734403461,
		"isBuyerMaker": true,
		"isBestMatch": true
	},
	{
		"id": 103,
		"price": "3.21300000",
		"qty": "93.30000000",
		"quoteQty": "299.77290000",
		"time": 1665734403461,
		"isBuyerMaker": true,
		"isBestMatch": true
	},
	{
		"id": 104,
		"price": "3.21300000",
		"qty": "124.40000000",
		"quoteQty": "399.69720000",
		"time": 1665734403461,
		"isBuyerMaker": true,
		"isBestMatch": true
	},
	{
		"id": 105,
		"price": "3.17600000",
		"qty": "2.10000000",
		"quoteQty": "6.66960000",
		"time": 1665734403461,
		"isBuyerMaker": true,
		"isBestMatch": true
	},
	{
		"id": 106,
		"price": "3.29700000",
		"qty": "152.90000000",
		"quoteQty": "504.11130000",
		"time": 1665734403501,
		"isBuyerMaker": false,
		"isBestMatch": true
	},
	{
		"id": 107,
		"price": "3.29600000",
		"qty": "5.30000000",
		"quoteQty": "17.46880000",
		"time": 1665734403556,
		"isBuyerMaker": false,
		"isBestMatch": true
	},
	{
		"id": 108,
		"price": "3.29600000",
		"qty": "0.70000000",
		"quoteQty": "2.30720000",
		"time": 1665734403592,
		"isBuyerMaker": false,
		"isBestMatch": true
	},
	{
		"id": 109,
		"price": "3.29700000",
		"qty": "44.70000000",
		"quoteQty": "147.37590000",
		"time": 1665734403592,
		"isBuyerMaker": false,
		"isBestMatch": true
	},
	{
		"id": 110,
		"price": "3.29700000",
		"qty": "25.60000000",
		"quoteQty": "84.40320000",
		"time": 1665734403798,
		"isBuyerMaker": false,
		"isBestMatch": true
	},
	{
		"id": 111,
		"price": "3.29600000",
		"qty": "12.90000000",
		"quoteQty": "42.51840000",
		"time": 1665734403862,
		"isBuyerMaker": false,
		"isBestMatch": true
	},
	{
		"id": 112,
		"price": "3.29700000",
		"qty": "62.00000000",
		"quoteQty": "204.41400000",
		"time": 1665734403862,
		"isBuyerMaker": false,
		"isBestMatch": true
	},
	{
		"id": 113,
		"price": "3.29700000",
		"qty": "232.70000000",
		"quoteQty": "767.21190000",
		"time": 1665734403908,
		"isBuyerMaker": false,
		"isBestMatch": true
	},
	{
		"id": 114,
		"price": "3.29700000",
		"qty": "8.60000000",
		"quoteQty": "28.35420000",
		"time": 1665734403953,
		"isBuyerMaker": false,
		"isBestMatch": true
	},
	{
		"id": 115,
		"price": "3.29700000",
		"qty": "30.40000000",
		"quoteQty": "100.22880000",
		"time": 1665734404039,
		"isBuyerMaker": false,
		"isBestMatch": true
	},
	{
		"id": 116,
		"price": "3.29700000",
		"qty": "123.50000000",
		"quoteQty": "407.17950000",
		"time": 1665734404055,
		"isBuyerMaker": false,
		"isBestMatch": true
	},
	{
		"id": 117,
		"price": "3.29700000",
		"qty": "5.70000000",
		"quoteQty": "18.79290000",
		"time": 1665734404093,
		"isBuyerMaker": false,
		"isBestMatch": true
	},
	{
		"id": 118,
		"price": "3.29700000",
		"qty": "7.80000000",
		"quoteQty": "25.71660000",
		"time": 1665734404106,
		"isBuyerMaker": false,
		"isBestMatch": true
	},
	{
		"id": 119,
		"price": "3.29700000",
		"qty": "75.80000000",
		"quoteQty": "249.91260000",
		"time": 1665734404206,
		"isBuyerMaker": false,
		"isBestMatch": true
	},
	{
		"id": 120,
		"price": "3.29700000",
		"qty": "4.50000000",
		"quoteQty": "14.83650000",
		"time": 1665734404552,
		"isBuyerMaker": false,
		"isBestMatch": true
	},
	{
		"id": 121,
		"price": "3.29700000",
		"qty": "6.00000000",
		"quoteQty": "19.78200000",
		"time": 1665734404582,
		"isBuyerMaker": false,
		"isBestMatch": true
	},
	{
		"id": 122,
		"price": "3.29700000",
		"qty": "90.60000000",
		"quoteQty": "298.70820000",
		"time": 1665734404615,
		"isBuyerMaker": false,
		"isBestMatch": true
	},
	{
		"id": 123,
		"price": "3.29700000",
		"qty": "57.30000000",
		"quoteQty": "188.91810000",
		"time": 1665734404698,
		"isBuyerMaker": false,
		"isBestMatch": true
	},
	{
		"id": 124,
		"price": "3.29700000",
		"qty": "3.90000000",
		"quoteQty": "12.85830000",
		"time": 1665734404742,
		"isBuyerMaker": false,
		"isBestMatch": true
	},
	{
		"id": 125,
		"price": "3.29700000",
		"qty": "63.40000000",
		"quoteQty": "209.02980000",
		"time": 1665734404897,
		"isBuyerMaker": false,
		"isBestMatch": true
	},
	{
		"id": 126,
		"price": "3.29700000",
		"qty": "3.60000000",
		"quoteQty": "11.86920000",
		"time": 1665734405061,
		"isBuyerMaker": false,
		"isBestMatch": true
	},
	{
		"id": 127,
		"price": "3.29700000",
		"qty": "77.40000000",
		"quoteQty": "255.18780000",
		"time": 1665734405073,
		"isBuyerMaker": false,
		"isBestMatch": true
	},
	{
		"id": 128,
		"price": "3.29600000",
		"qty": "9.30000000",
		"quoteQty": "30.65280000",
		"time": 1665734405158,
		"isBuyerMaker": false,
		"isBestMatch": true
	},
	{
		"id": 129,
		"price": "3.29600000",
		"qty": "83.80000000",
		"quoteQty": "276.20480000",
		"time": 1665734405227,
		"isBuyerMaker": false,
		"isBestMatch": true
	},
	{
		"id": 130,
		"price": "3.29600000",
		"qty": "3.00000000",
		"quoteQty": "9.88800000",
		"time": 1665734405260,
		"isBuyerMaker": false,
		"isBestMatch": true
	},
	{
		"id": 131,
		"price": "3.29600000",
		"qty": "89.60000000",
		"quoteQty": "295.32160000",
		"time": 1665734405266,
		"isBuyerMaker": false,
		"isBestMatch": true
	},
	{
		"id": 132,
		"price": "3.29600000",
		"qty": "8.50000000",
		"quoteQty": "28.01600000",
		"time": 1665734405426,
		"isBuyerMaker": false,
		"isBestMatch": true
	},
	{
		"id": 133,
		"price": "3.27600000",
		"qty": "30.30000000",
		"quoteQty": "99.26280000",
		"time": 1665734405446,
		"isBuyerMaker": true,
		"isBestMatch": true
	},
	{
		"id": 134,
		"price": "3.26000000",
		"qty": "14.90000000",
		"quoteQty": "48.57400000",
		"time": 1665734405446,
		"isBuyerMaker": true,
		"isBestMatch": true
	},
	{
		"id": 135,
		"price": "3.20300000",
		"qty": "11.80000000",
		"quoteQty": "37.79540000",
		"time": 1665734405446,
		"isBuyerMaker": true,
		"isBestMatch": true
	},
	{
		"id": 136,
		"price": "3.20200000",
		"qty": "59.20000000",
		"quoteQty": "189.55840000",
		"time": 1665734405446,
		"isBuyerMaker": true,
		"isBestMatch": true
	},
	{
		"id": 137,
		"price": "3.20000000",
		"qty": "5.10000000",
		"quoteQty": "16.32000000",
		"time": 1665734405446,
		"isBuyerMaker": false,
		"isBestMatch": true
	},
	{
		"id": 138,
		"price": "3.20000000",
		"qty": "24.60000000",
		"quoteQty": "78.72000000",
		"time": 1665734405481,
		"isBuyerMaker": false,
		"isBestMatch": true
	},
	{
		"id": 139,
		"price": "3.20000000",
		"qty": "312.50000000",
		"quoteQty": "1000.00000000",
		"time": 1665734405484,
		"isBuyerMaker": false,
		"isBestMatch": true
	},
	{
		"id": 140,
		"price": "3.20000000",
		"qty": "88.70000000",
		"quoteQty": "283.84000000",
		"time": 1665734405516,
		"isBuyerMaker": false,
		"isBestMatch": true
	},
	{
		"id": 141,
		"price": "3.20000000",
		"qty": "20.90000000",
		"quoteQty": "66.88000000",
		"time": 1665734405523,
		"isBuyerMaker": false,
		"isBestMatch": true
	},
	{
		"id": 142,
		"price": "3.20000000",
		"qty": "49.70000000",
		"quoteQty": "159.04000000",
		"time": 1665734405551,
		"isBuyerMaker": false,
		"isBestMatch": true
	},
	{
		"id": 143,
		"price": "3.20000000",
		"qty": "237.70000000",
		"quoteQty": "760.64000000",
		"time": 1665734405554,
		"isBuyerMaker": false,
		"isBestMatch": true
	},
	{
		"id": 144,
		"price": "3.20000000",
		"qty": "13.90000000",
		"quoteQty": "44.48000000",
		"time": 1665734405554,
		"isBuyerMaker": false,
		"isBestMatch": true
	},
	{
		"id": 145,
		"price": "3.29500000",
		"qty": "5.10000000",
		"quoteQty": "16.80450000",
		"time": 1665734405554,
		"isBuyerMaker": false,
		"isBestMatch": true
	},
	{
		"id": 146,
		"price": "3.29600000",
		"qty": "54.00000000",
		"quoteQty": "177.98400000",
		"time": 1665734405554,
		"isBuyerMaker": false,
		"isBestMatch": true
	},
	{
		"id": 147,
		"price": "3.29500000",
		"qty": "30.30000000",
		"quoteQty": "99.83850000",
		"time": 1665734405597,
		"isBuyerMaker": false,
		"isBestMatch": true
	},
	{
		"id": 148,
		"price": "3.29600000",
		"qty": "12.60000000",
		"quoteQty": "41.52960000",
		"time": 1665734405597,
		"isBuyerMaker": false,
		"isBestMatch": true
	},
	{
		"id": 149,
		"price": "3.21900000",
		"qty": "7.40000000",
		"quoteQty": "23.82060000",
		"time": 1665734405682,
		"isBuyerMaker": false,
		"isBestMatch": true
	},
	{
		"id": 150,
		"price": "3.21900000",
		"qty": "24.20000000",
		"quoteQty": "77.89980000",
		"time": 1665734405706,
		"isBuyerMaker": false,
		"isBestMatch": true
	},
	{
		"id": 151,
		"price": "3.21900000",
		"qty": "24.20000000",
		"quoteQty": "77.89980000",
		"time": 1665734405746,
		"isBuyerMaker": false,
		"isBestMatch": true
	},
	{
		"id": 152,
		"price": "3.21900000",
		"qty": "31.00000000",
		"quoteQty": "99.78900000",
		"time": 1665734405846,
		"isBuyerMaker": false,
		"isBestMatch": true
	},
	{
		"id": 153,
		"price": "3.21900000",
		"qty": "9.00000000",
		"quoteQty": "28.97100000",
		"time": 1665734405902,
		"isBuyerMaker": false,
		"isBestMatch": true
	},
	{
		"id": 154,
		"price": "3.21900000",
		"qty": "28.40000000",
		"quoteQty": "91.41960000",
		"time": 1665734405940,
		"isBuyerMaker": false,
		"isBestMatch": true
	},
	{
		"id": 155,
		"price": "3.21900000",
		"qty": "0.20000000",
		"quoteQty": "0.64380000",
		"time": 1665734405957,
		"isBuyerMaker": false,
		"isBestMatch": true
	},
	{
		"id": 156,
		"price": "3.29600000",
		"qty": "3.00000000",
		"quoteQty": "9.88800000",
		"time": 1665734405957,
		"isBuyerMaker": false,
		"isBestMatch": true
	},
	{
		"id": 157,
		"price": "3.29600000",
		"qty": "51.60000000",
		"quoteQty": "170.07360000",
		"time": 1665734406030,
		"isBuyerMaker": false,
		"isBestMatch": true
	},
	{
		"id": 158,
		"price": "3.29600000",
		"qty": "18.50000000",
		"quoteQty": "60.97600000",
		"time": 1665734406166,
		"isBuyerMaker": false,
		"isBestMatch": true
	},
	{
		"id": 159,
		"price": "3.29600000",
		"qty": "8.10000000",
		"quoteQty": "26.69760000",
		"time": 1665734406187,
		"isBuyerMaker": false,
		"isBestMatch": true
	},
	{
		"id": 160,
		"price": "3.29600000",
		"qty": "6.40000000",
		"quoteQty": "21.09440000",
		"time": 1665734406212,
		"isBuyerMaker": false,
		"isBestMatch": true
	},
	{
		"id": 161,
		"price": "3.29600000",
		"qty": "3.70000000",
		"quoteQty": "12.19520000",
		"time": 1665734406228,
		"isBuyerMaker": false,
		"isBestMatch": true
	},
	{
		"id": 162,
		"price": "3.29600000",
		"qty": "4.80000000",
		"quoteQty": "15.82080000",
		"time": 1665734406245,
		"isBuyerMaker": false,
		"isBestMatch": true
	},
	{
		"id": 163,
		"price": "3.29600000",
		"qty": "7.90000000",
		"quoteQty": "26.03840000",
		"time": 1665734406367,
		"isBuyerMaker": false,
		"isBestMatch": true
	},
	{
		"id": 164,
		"price": "3.29600000",
		"qty": "5.40000000",
		"quoteQty": "17.79840000",
		"time": 1665734406455,
		"isBuyerMaker": false,
		"isBestMatch": true
	},
	{
		"id": 165,
		"price": "3.29600000",
		"qty": "12.50000000",
		"quoteQty": "41.20000000",
		"time": 1665734406498,
		"isBuyerMaker": false,
		"isBestMatch": true
	},
	{
		"id": 166,
		"price": "3.29600000",
		"qty": "45.70000000",
		"quoteQty": "150.62720000",
		"time": 1665734406549,
		"isBuyerMaker": false,
		"isBestMatch": true
	},
	{
		"id": 167,
		"price": "3.29600000",
		"qty": "5.30000000",
		"quoteQty": "17.46880000",
		"time": 1665734406567,
		"isBuyerMaker": false,
		"isBestMatch": true
	},
	{
		"id": 168,
		"price": "3.29600000",
		"qty": "12.80000000",
		"quoteQty": "42.18880000",
		"time": 1665734406635,
		"isBuyerMaker": false,
		"isBestMatch": true
	},
	{
		"id": 169,
		"price": "3.29600000",
		"qty": "3.60000000",
		"quoteQty": "11.86560000",
		"time": 1665734406687,
		"isBuyerMaker": false,
		"isBestMatch": true
	},
	{
		"id": 170,
		"price": "3.29600000",
		"qty": "10.00000000",
		"quoteQty": "32.96000000",
		"time": 1665734406707,
		"isBuyerMaker": false,
		"isBestMatch": true
	},
	{
		"id": 171,
		"price": "3.29600000",
		"qty": "3.80000000",
		"quoteQty": "12.52480000",
		"time": 1665734406797,
		"isBuyerMaker": false,
		"isBestMatch": true
	},
	{
		"id": 172,
		"price": "3.26100000",
		"qty": "872.00000000",
		"quoteQty": "2843.59200000",
		"time": 1665734406890,
		"isBuyerMaker": true,
		"isBestMatch": true
	},
	{
		"id": 173,
		"price": "3.26100000",
		"qty": "30.30000000",
		"quoteQty": "98.80830000",
		"time": 1665734406890,
		"isBuyerMaker": true,
		"isBestMatch": true
	},
	{
		"id": 174,
		"price": "3.26000000",
		"qty": "132.70000000",
		"quoteQty": "432.60200000",
		"time": 1665734406890,
		"isBuyerMaker": true,
		"isBestMatch": true
	},
	{
		"id": 175,
		"price": "3.22200000",
		"qty": "13.60000000",
		"quoteQty": "43.81920000",
		"time": 1665734406890,
		"isBuyerMaker": true,
		"isBestMatch": true
	},
	{
		"id": 176,
		"price": "3.22200000",
		"qty": "6.50000000",
		"quoteQty": "20.94300000",
		"time": 1665734406906,
		"isBuyerMaker": false,
		"isBestMatch": true
	},
	{
		"id": 177,
		"price": "3.22200000",
		"qty": "135.90000000",
		"quoteQty": "437.86980000",
		"time": 1665734406922,
		"isBuyerMaker": false,
		"isBestMatch": true
	},
	{
		"id": 178,
		"price": "3.22200000",
		"qty": "79.00000000",
		"quoteQty": "254.53800000",
		"time": 1665734406935,
		"isBuyerMaker": false,
		"isBestMatch": true
	},
	{
		"id": 179,
		"price": "3.29600000",
		"qty": "226.10000000",
		"quoteQty": "745.22560000",
		"time": 1665734406935,
		"isBuyerMaker": false,
		"isBestMatch": true
	},
	{
		"id": 180,
		"price": "3.24300000",
		"qty": "30.10000000",
		"quoteQty": "97.61430000",
		"time": 1665734407030,
		"isBuyerMaker": false,
		"isBestMatch": true
	},
	{
		"id": 181,
		"price": "3.24300000",
		"qty": "0.20000000",
		"quoteQty": "0.64860000",
		"time": 1665734407044,
		"isBuyerMaker": false,
		"isBestMatch": true
	},
	{
		"id": 182,
		"price": "3.24400000",
		"qty": "3.30000000",
		"quoteQty": "10.70520000",
		"time": 1665734407044,
		"isBuyerMaker": false,
		"isBestMatch": true
	},
	{
		"id": 183,
		"price": "3.24400000",
		"qty": "0.50000000",
		"quoteQty": "1.62200000",
		"time": 1665734407044,
		"isBuyerMaker": false,
		"isBestMatch": true
	},
	{
		"id": 184,
		"price": "3.24400000",
		"qty": "2.70000000",
		"quoteQty": "8.75880000",
		"time": 1665734407489,
		"isBuyerMaker": false,
		"isBestMatch": true
	},
	{
		"id": 185,
		"price": "3.28000000",
		"qty": "13.60000000",
		"quoteQty": "44.60800000",
		"time": 1665734407489,
		"isBuyerMaker": false,
		"isBestMatch": true
	},
	{
		"id": 186,
		"price": "3.28100000",
		"qty": "0.30000000",
		"quoteQty": "0.98430000",
		"time": 1665734407489,
		"isBuyerMaker": false,
		"isBestMatch": true
	},
	{
		"id": 187,
		"price": "3.29600000",
		"qty": "8.60000000",
		"quoteQty": "28.34560000",
		"time": 1665734407510,
		"isBuyerMaker": false,
		"isBestMatch": true
	},
	{
		"id": 188,
		"price": "3.26600000",
		"qty": "135.00000000",
		"quoteQty": "440.91000000",
		"time": 1665734407550,
		"isBuyerMaker": false,
		"isBestMatch": true
	},
	{
		"id": 189,
		"price": "3.26600000",
		"qty": "0.60000000",
		"quoteQty": "1.95960000",
		"time": 1665734407570,
		"isBuyerMaker": false,
		"isBestMatch": true
	},
	{
		"id": 190,
		"price": "3.29600000",
		"qty": "181.40000000",
		"quoteQty": "597.89440000",
		"time": 1665734407570,
		"isBuyerMaker": false,
		"isBestMatch": true
	},
	{
		"id": 191,
		"price": "3.29600000",
		"qty": "131.00000000",
		"quoteQty": "431.77600000",
		"time": 1665734407730,
		"isBuyerMaker": false,
		"isBestMatch": true
	},
	{
		"id": 192,
		"price": "3.37000000",
		"qty": "34.20000000",
		"quoteQty": "115.25400000",
		"time": 1665734407730,
		"isBuyerMaker": false,
		"isBestMatch": true
	},
	{
		"id": 193,
		"price": "3.36900000",
		"qty": "14.30000000",
		"quoteQty": "48.17670000",
		"time": 1665734407817,
		"isBuyerMaker": false,
		"isBestMatch": true
	},
	{
		"id": 194,
		"price": "3.37000000",
		"qty": "26.00000000",
		"quoteQty": "87.62000000",
		"time": 1665734407817,
		"isBuyerMaker": false,
		"isBestMatch": true
	},
	{
		"id": 195,
		"price": "3.37000000",
		"qty": "21.10000000",
		"quoteQty": "71.10700000",
		"time": 1665734407831,
		"isBuyerMaker": false,
		"isBestMatch": true
	},
	{
		"id": 196,
		"price": "3.36900000",
		"qty": "14.50000000",
		"quoteQty": "48.85050000",
		"time": 1665734407867,
		"isBuyerMaker": false,
		"isBestMatch": true
	},
	{
		"id": 197,
		"price": "3.37000000",
		"qty": "9.80000000",
		"quoteQty": "33.02600000",
		"time": 1665734407867,
		"isBuyerMaker": false,
		"isBestMatch": true
	},
	{
		"id": 198,
		"price": "3.37000000",
		"qty": "3.00000000",
		"quoteQty": "10.11000000",
		"time": 1665734407918,
		"isBuyerMaker": false,
		"isBestMatch": true
	},
	{
		"id": 199,
		"price": "3.36900000",
		"qty": "2.90000000",
		"quoteQty": "9.77010000",
		"time": 1665734408026,
		"isBuyerMaker": false,
		"isBestMatch": true
	},
	{
		"id": 200,
		"price": "3.36900000",
		"qty": "7.20000000",
		"quoteQty": "24.25680000",
		"time": 1665734408027,
		"isBuyerMaker": false,
		"isBestMatch": true
	},
	{
		"id": 201,
		"price": "3.37000000",
		"qty": "7.40000000",
		"quoteQty": "24.93800000",
		"time": 1665734408046,
		"isBuyerMaker": false,
		"isBestMatch": true
	},
	{
		"id": 202,
		"price": "3.37000000",
		"qty": "67.50000000",
		"quoteQty": "227.47500000",
		"time": 1665734408180,
		"isBuyerMaker": false,
		"isBestMatch": true
	},
	{
		"id": 203,
		"price": "3.37000000",
		"qty": "31.40000000",
		"quoteQty": "105.81800000",
		"time": 1665734408259,
		"isBuyerMaker": false,
		"isBestMatch": true
	},
	{
		"id": 204,
		"price": "3.37000000",
		"qty": "13.90000000",
		"quoteQty": "46.84300000",
		"time": 1665734408330,
		"isBuyerMaker": false,
		"isBestMatch": true
	},
	{
		"id": 205,
		"price": "3.36900000",
		"qty": "15.00000000",
		"quoteQty": "50.53500000",
		"time": 1665734408658,
		"isBuyerMaker": false,
		"isBestMatch": true
	},
	{
		"id": 206,
		"price": "3.37000000",
		"qty": "9.00000000",
		"quoteQty": "30.33000000",
		"time": 1665734408658,
		"isBuyerMaker": false,
		"isBestMatch": true
	},
	{
		"id": 207,
		"price": "3.37000000",
		"qty": "27.00000000",
		"quoteQty": "90.99000000",
		"time": 1665734408896,
		"isBuyerMaker": false,
		"isBestMatch": true
	},
	{
		"id": 208,
		"price": "3.37000000",
		"qty": "15.30000000",
		"quoteQty": "51.56100000",
		"time": 1665734408898,
		"isBuyerMaker": false,
		"isBestMatch": true
	},
	{
		"id": 209,
		"price": "3.30700000",
		"qty": "5.90000000",
		"quoteQty": "19.51130000",
		"time": 1665734408996,
		"isBuyerMaker": true,
		"isBestMatch": true
	},
	{
		"id": 210,
		"price": "3.30600000",
		"qty": "24.30000000",
		"quoteQty": "80.33580000",
		"time": 1665734408996,
		"isBuyerMaker": true,
		"isBestMatch": true
	},
	{
		"id": 211,
		"price": "3.36600000",
		"qty": "6.00000000",
		"quoteQty": "20.19600000",
		"time": 1665734409205,
		"isBuyerMaker": false,
		"isBestMatch": true
	},
	{
		"id": 212,
		"price": "3.36700000",
		"qty": "17.70000000",
		"quoteQty": "59.59590000",
		"time": 1665734409205,
		"isBuyerMaker": false,
		"isBestMatch": true
	},
	{
		"id": 213,
		"price": "3.36900000",
		"qty": "9.20000000",
		"quoteQty": "30.99480000",
		"time": 1665734409294,
		"isBuyerMaker": false,
		"isBestMatch": true
	},
	{
		"id": 214,
		"price": "3.36800000",
		"qty": "7.20000000",
		"quoteQty": "24.24960000",
		"time": 1665734409494,
		"isBuyerMaker": false,
		"isBestMatch": true
	},
	{
		"id": 215,
		"price": "3.30700000",
		"qty": "5.90000000",
		"quoteQty": "19.51130000",
		"time": 1665734409692,
		"isBuyerMaker": true,
		"isBestMatch": true
	},
	{
		"id": 216,
		"price": "3.30700000",
		"qty": "10.70000000",
		"quoteQty": "35.38490000",
		"time": 1665734409692,
		"isBuyerMaker": true,
		"isBestMatch": true
	},
	{
		"id": 217,
		"price": "3.30800000",
		"qty": "29.40000000",
		"quoteQty": "97.25520000",
		"time": 1665734409834,
		"isBuyerMaker": true,
		"isBestMatch": true
	},
	{
		"id": 218,
		"price": "3.36600000",
		"qty": "3.80000000",
		"quoteQty": "12.79080000",
		"time": 1665734409851,
		"isBuyerMaker": false,
		"isBestMatch": true
	},
	{
		"id": 219,
		"price": "3.36300000",
		"qty": "5.80000000",
		"quoteQty": "19.50540000",
		"time": 1665734410030,
		"isBuyerMaker": false,
		"isBestMatch": true
	},
	{
		"id": 220,
		"price": "3.36300000",
		"qty": "3.00000000",
		"quoteQty": "10.08900000",
		"time": 1665734410108,
		"isBuyerMaker": false,
		"isBestMatch": true
	},
	{
		"id": 221,
		"price": "3.36100000",
		"qty": "20.60000000",
		"quoteQty": "69.23660000",
		"time": 1665734410292,
		"isBuyerMaker": false,
		"isBestMatch": true
	},
	{
		"id": 222,
		"price": "3.36900000",
		"qty": "13.00000000",
		"quoteQty": "43.79700000",
		"time": 1665734410292,
		"isBuyerMaker": false,
		"isBestMatch": true
	},
	{
		"id": 223,
		"price": "3.30800000",
		"qty": "0.20000000",
		"quoteQty": "0.66160000",
		"time": 1665734410455,
		"isBuyerMaker": true,
		"isBestMatch": true
	},
	{
		"id": 224,
		"price": "3.30700000",
		"qty": "18.10000000",
		"quoteQty": "59.85670000",
		"time": 1665734410455,
		"isBuyerMaker": true,
		"isBestMatch": true
	},
	{
		"id": 225,
		"price": "3.30000000",
		"qty": "4.60000000",
		"quoteQty": "15.18000000",
		"time": 1665734410455,
		"isBuyerMaker": true,
		"isBestMatch": true
	},
	{
		"id": 226,
		"price": "3.30000000",
		"qty": "4.60000000",
		"quoteQty": "15.18000000",
		"time": 1665734410455,
		"isBuyerMaker": true,
		"isBestMatch": true
	},
	{
		"id": 227,
		"price": "3.30000000",
		"qty": "4.60000000",
		"quoteQty": "15.18000000",
		"time": 1665734410455,
		"isBuyerMaker": true,
		"isBestMatch": true
	},
	{
		"id": 228,
		"price": "3.30000000",
		"qty": "4.60000000",
		"quoteQty": "15.18000000",
		"time": 1665734410455,
		"isBuyerMaker": true,
		"isBestMatch": true
	},
	{
		"id": 229,
		"price": "3.30000000",
		"qty": "4.60000000",
		"quoteQty": "15.18000000",
		"time": 1665734410455,
		"isBuyerMaker": true,
		"isBestMatch": true
	},
	{
		"id": 230,
		"price": "3.30000000",
		"qty": "1.30000000",
		"quoteQty": "4.29000000",
		"time": 1665734410455,
		"isBuyerMaker": true,
		"isBestMatch": true
	},
	{
		"id": 231,
		"price": "3.36600000",
		"qty": "18.10000000",
		"quoteQty": "60.92460000",
		"time": 1665734410495,
		"isBuyerMaker": false,
		"isBestMatch": true
	},
	{
		"id": 232,
		"price": "3.36900000",
		"qty": "2.10000000",
		"quoteQty": "7.07490000",
		"time": 1665734410495,
		"isBuyerMaker": false,
		"isBestMatch": true
	},
	{
		"id": 233,
		"price": "3.36900000",
		"qty": "10.70000000",
		"quoteQty": "36.04830000",
		"time": 1665734410495,
		"isBuyerMaker": false,
		"isBestMatch": true
	},
	{
		"id": 234,
		"price": "3.37000000",
		"qty": "12.40000000",
		"quoteQty": "41.78800000",
		"time": 1665734410495,
		"isBuyerMaker": false,
		"isBestMatch": true
	},
	{
		"id": 235,
		"price": "3.36900000",
		"qty": "13.90000000",
		"quoteQty": "46.82910000",
		"time": 1665734410552,
		"isBuyerMaker": false,
		"isBestMatch": true
	},
	{
		"id": 236,
		"price": "3.36800000",
		"qty": "43.10000000",
		"quoteQty": "145.16080000",
		"time": 1665734410573,
		"isBuyerMaker": false,
		"isBestMatch": true
	},
	{
		"id": 237,
		"price": "3.37000000",
		"qty": "33.40000000",
		"quoteQty": "112.55800000",
		"time": 1665734410573,
		"isBuyerMaker": false,
		"isBestMatch": true
	},
	{
		"id": 238,
		"price": "3.36900000",
		"qty": "15.10000000",
		"quoteQty": "50.87190000",
		"time": 1665734410728,
		"isBuyerMaker": false,
		"isBestMatch": true
	},
	{
		"id": 239,
		"price": "3.37000000",
		"qty": "195.30000000",
		"quoteQty": "658.16100000",
		"time": 1665734410728,
		"isBuyerMaker": false,
		"isBestMatch": true
	},
	{
		"id": 240,
		"price": "3.37000000",
		"qty": "5.70000000",
		"quoteQty": "19.20900000",
		"time": 1665734411059,
		"isBuyerMaker": false,
		"isBestMatch": true
	},
	{
		"id": 241,
		"price": "3.36900000",
		"qty": "3.20000000",
		"quoteQty": "10.78080000",
		"time": 1665734411095,
		"isBuyerMaker": true,
		"isBestMatch": true
	},
	{
		"id": 242,
		"price": "3.31400000",
		"qty": "123.70000000",
		"quoteQty": "409.94180000",
		"time": 1665734411095,
		"isBuyerMaker": true,
		"isBestMatch": true
	},
	{
		"id": 243,
		"price": "3.31400000",
		"qty": "110.30000000",
		"quoteQty": "365.53420000",
		"time": 1665734411101,
		"isBuyerMaker": true,
		"isBestMatch": true
	},
	{
		"id": 244,
		"price": "3.30900000",
		"qty": "53.40000000",
		"quoteQty": "176.70060000",
		"time": 1665734411101,
		"isBuyerMaker": true,
		"isBestMatch": true
	},
	{
		"id": 245,
		"price": "3.30800000",
		"qty": "28.90000000",
		"quoteQty": "95.60120000",
		"time": 1665734411101,
		"isBuyerMaker": true,
		"isBestMatch": true
	},
	{
		"id": 246,
		"price": "3.30600000",
		"qty": "304.80000000",
		"quoteQty": "1007.66880000",
		"time": 1665734411101,
		"isBuyerMaker": true,
		"isBestMatch": true
	},
	{
		"id": 247,
		"price": "3.30000000",
		"qty": "3.30000000",
		"quoteQty": "10.89000000",
		"time": 1665734411101,
		"isBuyerMaker": true,
		"isBestMatch": true
	},
	{
		"id": 248,
		"price": "3.30000000",
		"qty": "4.60000000",
		"quoteQty": "15.18000000",
		"time": 1665734411101,
		"isBuyerMaker": true,
		"isBestMatch": true
	},
	{
		"id": 249,
		"price": "3.30000000",
		"qty": "4.60000000",
		"quoteQty": "15.18000000",
		"time": 1665734411101,
		"isBuyerMaker": true,
		"isBestMatch": true
	},
	{
		"id": 250,
		"price": "3.30000000",
		"qty": "4.60000000",
		"quoteQty": "15.18000000",
		"time": 1665734411101,
		"isBuyerMaker": true,
		"isBestMatch": true
	},
	{
		"id": 251,
		"price": "3.30000000",
		"qty": "3.90000000",
		"quoteQty": "12.87000000",
		"time": 1665734411101,
		"isBuyerMaker": true,
		"isBestMatch": true
	},
	{
		"id": 252,
		"price": "3.29700000",
		"qty": "13.50000000",
		"quoteQty": "44.50950000",
		"time": 1665734411101,
		"isBuyerMaker": true,
		"isBestMatch": true
	},
	{
		"id": 253,
		"price": "3.29600000",
		"qty": "4.10000000",
		"quoteQty": "13.51360000",
		"time": 1665734411101,
		"isBuyerMaker": true,
		"isBestMatch": true
	},
	{
		"id": 254,
		"price": "3.29600000",
		"qty": "617.30000000",
		"quoteQty": "2034.62080000",
		"time": 1665734411101,
		"isBuyerMaker": true,
		"isBestMatch": true
	},
	{
		"id": 255,
		"price": "3.29600000",
		"qty": "27.80000000",
		"quoteQty": "91.62880000",
		"time": 1665734411101,
		"isBuyerMaker": true,
		"isBestMatch": true
	},
	{
		"id": 256,
		"price": "3.27100000",
		"qty": "48.40000000",
		"quoteQty": "158.31640000",
		"time": 1665734411101,
		"isBuyerMaker": true,
		"isBestMatch": true
	},
	{
		"id": 257,
		"price": "3.27000000",
		"qty": "30.60000000",
		"quoteQty": "100.06200000",
		"time": 1665734411101,
		"isBuyerMaker": true,
		"isBestMatch": true
	},
	{
		"id": 258,
		"price": "3.27000000",
		"qty": "30.60000000",
		"quoteQty": "100.06200000",
		"time": 1665734411101,
		"isBuyerMaker": true,
		"isBestMatch": true
	},
	{
		"id": 259,
		"price": "3.27000000",
		"qty": "30.60000000",
		"quoteQty": "100.06200000",
		"time": 1665734411101,
		"isBuyerMaker": true,
		"isBestMatch": true
	},
	{
		"id": 260,
		"price": "3.27000000",
		"qty": "30.60000000",
		"quoteQty": "100.06200000",
		"time": 1665734411101,
		"isBuyerMaker": true,
		"isBestMatch": true
	},
	{
		"id": 261,
		"price": "3.27000000",
		"qty": "30.60000000",
		"quoteQty": "100.06200000",
		"time": 1665734411101,
		"isBuyerMaker": true,
		"isBestMatch": true
	},
	{
		"id": 262,
		"price": "3.27000000",
		"qty": "30.60000000",
		"quoteQty": "100.06200000",
		"time": 1665734411101,
		"isBuyerMaker": true,
		"isBestMatch": true
	},
	{
		"id": 263,
		"price": "3.27000000",
		"qty": "30.60000000",
		"quoteQty": "100.06200000",
		"time": 1665734411101,
		"isBuyerMaker": true,
		"isBestMatch": true
	},
	{
		"id": 264,
		"price": "3.27000000",
		"qty": "30.60000000",
		"quoteQty": "100.06200000",
		"time": 1665734411101,
		"isBuyerMaker": true,
		"isBestMatch": true
	},
	{
		"id": 265,
		"price": "3.27000000",
		"qty": "30.60000000",
		"quoteQty": "100.06200000",
		"time": 1665734411101,
		"isBuyerMaker": true,
		"isBestMatch": true
	},
	{
		"id": 266,
		"price": "3.27000000",
		"qty": "29.80000000",
		"quoteQty": "97.44600000",
		"time": 1665734411101,
		"isBuyerMaker": true,
		"isBestMatch": true
	},
	{
		"id": 267,
		"price": "3.26200000",
		"qty": "919.20000000",
		"quoteQty": "2998.43040000",
		"time": 1665734411101,
		"isBuyerMaker": true,
		"isBestMatch": true
	},
	{
		"id": 268,
		"price": "3.26000000",
		"qty": "109.30000000",
		"quoteQty": "356.31800000",
		"time": 1665734411101,
		"isBuyerMaker": true,
		"isBestMatch": true
	},
	{
		"id": 269,
		"price": "3.26000000",
		"qty": "30.60000000",
		"quoteQty": "99.75600000",
		"time": 1665734411101,
		"isBuyerMaker": true,
		"isBestMatch": true
	},
	{
		"id": 270,
		"price": "3.26000000",
		"qty": "78.40000000",
		"quoteQty": "255.58400000",
		"time": 1665734411101,
		"isBuyerMaker": true,
		"isBestMatch": true
	},
	{
		"id": 271,
		"price": "3.24600000",
		"qty": "338.80000000",
		"quoteQty": "1099.74480000",
		"time": 1665734411101,
		"isBuyerMaker": true,
		"isBestMatch": true
	},
	{
		"id": 272,
		"price": "3.24400000",
		"qty": "244.60000000",
		"quoteQty": "793.48240000",
		"time": 1665734411101,
		"isBuyerMaker": true,
		"isBestMatch": true
	},
	{
		"id": 273,
		"price": "3.23900000",
		"qty": "30.80000000",
		"quoteQty": "99.76120000",
		"time": 1665734411101,
		"isBuyerMaker": true,
		"isBestMatch": true
	},
	{
		"id": 274,
		"price": "3.23600000",
		"qty": "15.20000000",
		"quoteQty": "49.18720000",
		"time": 1665734411101,
		"isBuyerMaker": true,
		"isBestMatch": true
	},
	{
		"id": 275,
		"price": "3.22900000",
		"qty": "6.10000000",
		"quoteQty": "19.69690000",
		"time": 1665734411101,
		"isBuyerMaker": true,
		"isBestMatch": true
	},
	{
		"id": 276,
		"price": "3.22200000",
		"qty": "620.30000000",
		"quoteQty": "1998.60660000",
		"time": 1665734411101,
		"isBuyerMaker": true,
		"isBestMatch": true
	},
	{
		"id": 277,
		"price": "3.22100000",
		"qty": "775.70000000",
		"quoteQty": "2498.52970000",
		"time": 1665734411101,
		"isBuyerMaker": true,
		"isBestMatch": true
	},
	{
		"id": 278,
		"price": "3.22000000",
		"qty": "10.60000000",
		"quoteQty": "34.13200000",
		"time": 1665734411101,
		"isBuyerMaker": true,
		"isBestMatch": true
	},
	{
		"id": 279,
		"price": "3.22100000",
		"qty": "131.70000000",
		"quoteQty": "424.20570000",
		"time": 1665734411121,
		"isBuyerMaker": true,
		"isBestMatch": true
	},
	{
		"id": 280,
		"price": "3.26100000",
		"qty": "13.50000000",
		"quoteQty": "44.02350000",
		"time": 1665734411251,
		"isBuyerMaker": false,
		"isBestMatch": true
	},
	{
		"id": 281,
		"price": "3.26100000",
		"qty": "40.70000000",
		"quoteQty": "132.72270000",
		"time": 1665734411251,
		"isBuyerMaker": false,
		"isBestMatch": true
	},
	{
		"id": 282,
		"price": "3.26100000",
		"qty": "12.70000000",
		"quoteQty": "41.41470000",
		"time": 1665734411448,
		"isBuyerMaker": false,
		"isBestMatch": true
	},
	{
		"id": 283,
		"price": "3.26200000",
		"qty": "2.60000000",
		"quoteQty": "8.48120000",
		"time": 1665734411448,
		"isBuyerMaker": false,
		"isBestMatch": true
	},
	{
		"id": 284,
		"price": "3.26200000",
		"qty": "3.00000000",
		"quoteQty": "9.78600000",
		"time": 1665734411480,
		"isBuyerMaker": false,
		"isBestMatch": true
	},
	{
		"id": 285,
		"price": "3.26200000",
		"qty": "0.50000000",
		"quoteQty": "1.63100000",
		"time": 1665734411559,
		"isBuyerMaker": false,
		"isBestMatch": true
	},
	{
		"id": 286,
		"price": "3.26900000",
		"qty": "30.80000000",
		"quoteQty": "100.68520000",
		"time": 1665734411559,
		"isBuyerMaker": false,
		"isBestMatch": true
	},
	{
		"id": 287,
		"price": "3.28400000",
		"qty": "3.60000000",
		"quoteQty": "11.82240000",
		"time": 1665734411559,
		"isBuyerMaker": false,
		"isBestMatch": true
	},
	{
		"id": 288,
		"price": "3.28400000",
		"qty": "3.60000000",
		"quoteQty": "11.82240000",
		"time": 1665734411559,
		"isBuyerMaker": false,
		"isBestMatch": true
	},
	{
		"id": 289,
		"price": "3.28400000",
		"qty": "3.40000000",
		"quoteQty": "11.16560000",
		"time": 1665734411559,
		"isBuyerMaker": false,
		"isBestMatch": true
	},
	{
		"id": 290,
		"price": "3.29400000",
		"qty": "3.10000000",
		"quoteQty": "10.21140000",
		"time": 1665734411559,
		"isBuyerMaker": false,
		"isBestMatch": true
	},
	{
		"id": 291,
		"price": "3.29400000",
		"qty": "3.10000000",
		"quoteQty": "10.21140000",
		"time": 1665734411559,
		"isBuyerMaker": false,
		"isBestMatch": true
	},
	{
		"id": 292,
		"price": "3.29400000",
		"qty": "3.10000000",
		"quoteQty": "10.21140000",
		"time": 1665734411559,
		"isBuyerMaker": false,
		"isBestMatch": true
	},
	{
		"id": 293,
		"price": "3.29400000",
		"qty": "3.10000000",
		"quoteQty": "10.21140000",
		"time": 1665734411559,
		"isBuyerMaker": false,
		"isBestMatch": true
	},
	{
		"id": 294,
		"price": "3.29400000",
		"qty": "2.80000000",
		"quoteQty": "9.22320000",
		"time": 1665734411559,
		"isBuyerMaker": false,
		"isBestMatch": true
	},
	{
		"id": 295,
		"price": "3.29500000",
		"qty": "3.80000000",
		"quoteQty": "12.52100000",
		"time": 1665734411559,
		"isBuyerMaker": false,
		"isBestMatch": true
	},
	{
		"id": 296,
		"price": "3.29500000",
		"qty": "7.50000000",
		"quoteQty": "24.71250000",
		"time": 1665734411764,
		"isBuyerMaker": false,
		"isBestMatch": true
	},
	{
		"id": 297,
		"price": "3.29500000",
		"qty": "22.60000000",
		"quoteQty": "74.46700000",
		"time": 1665734411786,
		"isBuyerMaker": false,
		"isBestMatch": true
	},
	{
		"id": 298,
		"price": "3.29500000",
		"qty": "18.00000000",
		"quoteQty": "59.31000000",
		"time": 1665734411786,
		"isBuyerMaker": false,
		"isBestMatch": true
	},
	{
		"id": 299,
		"price": "3.29500000",
		"qty": "15.90000000",
		"quoteQty": "52.39050000",
		"time": 1665734411985,
		"isBuyerMaker": false,
		"isBestMatch": true
	},
	{
		"id": 300,
		"price": "3.29500000",
		"qty": "33.90000000",
		"quoteQty": "111.70050000",
		"time": 1665734411985,
		"isBuyerMaker": false,
		"isBestMatch": true
	},
	{
		"id": 301,
		"price": "3.29500000",
		"qty": "9.90000000",
		"quoteQty": "32.62050000",
		"time": 1665734411985,
		"isBuyerMaker": false,
		"isBestMatch": true
	},
	{
		"id": 302,
		"price": "3.29500000",
		"qty": "3.30000000",
		"quoteQty": "10.87350000",
		"time": 1665734412145,
		"isBuyerMaker": false,
		"isBestMatch": true
	},
	{
		"id": 303,
		"price": "3.29500000",
		"qty": "20.70000000",
		"quoteQty": "68.20650000",
		"time": 1665734412153,
		"isBuyerMaker": false,
		"isBestMatch": true
	},
	{
		"id": 304,
		"price": "3.29500000",
		"qty": "33.90000000",
		"quoteQty": "111.70050000",
		"time": 1665734412153,
		"isBuyerMaker": false,
		"isBestMatch": true
	},
	{
		"id": 305,
		"price": "3.29500000",
		"qty": "33.90000000",
		"quoteQty": "111.70050000",
		"time": 1665734412153,
		"isBuyerMaker": false,
		"isBestMatch": true
	},
	{
		"id": 306,
		"price": "3.29500000",
		"qty": "33.90000000",
		"quoteQty": "111.70050000",
		"time": 1665734412153,
		"isBuyerMaker": false,
		"isBestMatch": true
	},
	{
		"id": 307,
		"price": "3.29500000",
		"qty": "2.30000000",
		"quoteQty": "7.57850000",
		"time": 1665734412153,
		"isBuyerMaker": false,
		"isBestMatch": true
	},
	{
		"id": 308,
		"price": "3.29500000",
		"qty": "31.60000000",
		"quoteQty": "104.12200000",
		"time": 1665734412158,
		"isBuyerMaker": false,
		"isBestMatch": true
	},
	{
		"id": 309,
		"price": "3.29500000",
		"qty": "33.90000000",
		"quoteQty": "111.70050000",
		"time": 1665734412158,
		"isBuyerMaker": false,
		"isBestMatch": true
	},
	{
		"id": 310,
		"price": "3.29500000",
		"qty": "33.70000000",
		"quoteQty": "111.04150000",
		"time": 1665734412158,
		"isBuyerMaker": false,
		"isBestMatch": true
	},
	{
		"id": 311,
		"price": "3.35500000",
		"qty": "16.90000000",
		"quoteQty": "56.69950000",
		"time": 1665734412212,
		"isBuyerMaker": false,
		"isBestMatch": true
	},
	{
		"id": 312,
		"price": "3.29800000",
		"qty": "8.90000000",
		"quoteQty": "29.35220000",
		"time": 1665734412309,
		"isBuyerMaker": true,
		"isBestMatch": true
	},
	{
		"id": 313,
		"price": "3.29700000",
		"qty": "6.20000000",
		"quoteQty": "20.44140000",
		"time": 1665734412309,
		"isBuyerMaker": true,
		"isBestMatch": true
	},
	{
		"id": 314,
		"price": "3.29800000",
		"qty": "8.90000000",
		"quoteQty": "29.35220000",
		"time": 1665734412370,
		"isBuyerMaker": true,
		"isBestMatch": true
	},
	{
		"id": 315,
		"price": "3.29700000",
		"qty": "46.20000000",
		"quoteQty": "152.32140000",
		"time": 1665734412370,
		"isBuyerMaker": true,
		"isBestMatch": true
	},
	{
		"id": 316,
		"price": "3.24800000",
		"qty": "13.60000000",
		"quoteQty": "44.17280000",
		"time": 1665734412370,
		"isBuyerMaker": true,
		"isBestMatch": true
	},
	{
		"id": 317,
		"price": "3.24800000",
		"qty": "9.40000000",
		"quoteQty": "30.53120000",
		"time": 1665734412370,
		"isBuyerMaker": true,
		"isBestMatch": true
	},
	{
		"id": 318,
		"price": "3.24800000",
		"qty": "70.20000000",
		"quoteQty": "228.00960000",
		"time": 1665734412370,
		"isBuyerMaker": true,
		"isBestMatch": true
	},
	{
		"id": 319,
		"price": "3.24700000",
		"qty": "292.70000000",
		"quoteQty": "950.39690000",
		"time": 1665734412370,
		"isBuyerMaker": true,
		"isBestMatch": true
	},
	{
		"id": 320,
		"price": "3.36700000",
		"qty": "9.00000000",
		"quoteQty": "30.30300000",
		"time": 1665734412384,
		"isBuyerMaker": false,
		"isBestMatch": true
	},
	{
		"id": 321,
		"price": "3.36800000",
		"qty": "5.80000000",
		"quoteQty": "19.53440000",
		"time": 1665734412384,
		"isBuyerMaker": false,
		"isBestMatch": true
	},
	{
		"id": 322,
		"price": "3.24800000",
		"qty": "8.90000000",
		"quoteQty": "28.90720000",
		"time": 1665734412413,
		"isBuyerMaker": true,
		"isBestMatch": true
	},
	{
		"id": 323,
		"price": "3.24700000",
		"qty": "225.10000000",
		"quoteQty": "730.89970000",
		"time": 1665734412413,
		"isBuyerMaker": true,
		"isBestMatch": true
	},
	{
		"id": 324,
		"price": "3.36600000",
		"qty": "8.90000000",
		"quoteQty": "29.95740000",
		"time": 1665734412457,
		"isBuyerMaker": false,
		"isBestMatch": true
	},
	{
		"id": 325,
		"price": "3.36900000",
		"qty": "9.60000000",
		"quoteQty": "32.34240000",
		"time": 1665734412457,
		"isBuyerMaker": false,
		"isBestMatch": true
	},
	{
		"id": 326,
		"price": "3.23900000",
		"qty": "7.00000000",
		"quoteQty": "22.67300000",
		"time": 1665734412573,
		"isBuyerMaker": true,
		"isBestMatch": true
	},
	{
		"id": 327,
		"price": "3.23800000",
		"qty": "2.70000000",
		"quoteQty": "8.74260000",
		"time": 1665734412573,
		"isBuyerMaker": true,
		"isBestMatch": true
	},
	{
		"id": 328,
		"price": "3.29900000",
		"qty": "3.40000000",
		"quoteQty": "11.21660000",
		"time": 1665734413020,
		"isBuyerMaker": false,
		"isBestMatch": true
	},
	{
		"id": 329,
		"price": "3.29700000",
		"qty": "5.50000000",
		"quoteQty": "18.13350000",
		"time": 1665734413545,
		"isBuyerMaker": false,
		"isBestMatch": true
	},
	{
		"id": 330,
		"price": "3.29800000",
		"qty": "3.90000000",
		"quoteQty": "12.86220000",
		"time": 1665734413545,
		"isBuyerMaker": false,
		"isBestMatch": true
	},
	{
		"id": 331,
		"price": "3.29900000",
		"qty": "9.70000000",
		"quoteQty": "32.00030000",
		"time": 1665734413835,
		"isBuyerMaker": false,
		"isBestMatch": true
	},
	{
		"id": 332,
		"price": "3.30000000",
		"qty": "54.40000000",
		"quoteQty": "179.52000000",
		"time": 1665734413835,
		"isBuyerMaker": false,
		"isBestMatch": true
	},
	{
		"id": 333,
		"price": "3.30000000",
		"qty": "56.20000000",
		"quoteQty": "185.46000000",
		"time": 1665734413995,
		"isBuyerMaker": false,
		"isBestMatch": true
	},
	{
		"id": 334,
		"price": "3.30000000",
		"qty": "17.00000000",
		"quoteQty": "56.10000000",
		"time": 1665734414007,
		"isBuyerMaker": false,
		"isBestMatch": true
	},
	{
		"id": 335,
		"price": "3.30000000",
		"qty": "48.70000000",
		"quoteQty": "160.71000000",
		"time": 1665734414009,
		"isBuyerMaker": false,
		"isBestMatch": true
	},
	{
		"id": 336,
		"price": "3.29500000",
		"qty": "277.40000000",
		"quoteQty": "914.03300000",
		"time": 1665734414664,
		"isBuyerMaker": true,
		"isBestMatch": true
	},
	{
		"id": 337,
		"price": "3.26900000",
		"qty": "27.00000000",
		"quoteQty": "88.26300000",
		"time": 1665734414664,
		"isBuyerMaker": true,
		"isBestMatch": true
	},
	{
		"id": 338,
		"price": "3.30000000",
		"qty": "30.30000000",
		"quoteQty": "99.99000000",
		"time": 1665734415175,
		"isBuyerMaker": false,
		"isBestMatch": true
	},
	{
		"id": 339,
		"price": "3.30000000",
		"qty": "5.90000000",
		"quoteQty": "19.47000000",
		"time": 1665734415182,
		"isBuyerMaker": false,
		"isBestMatch": true
	},
	{
		"id": 340,
		"price": "3.29900000",
		"qty": "27.00000000",
		"quoteQty": "89.07300000",
		"time": 1665734415231,
		"isBuyerMaker": false,
		"isBestMatch": true
	},
	{
		"id": 341,
		"price": "3.30000000",
		"qty": "42.70000000",
		"quoteQty": "140.91000000",
		"time": 1665734415231,
		"isBuyerMaker": false,
		"isBestMatch": true
	},
	{
		"id": 342,
		"price": "3.30000000",
		"qty": "25.10000000",
		"quoteQty": "82.83000000",
		"time": 1665734415504,
		"isBuyerMaker": false,
		"isBestMatch": true
	},
	{
		"id": 343,
		"price": "3.30000000",
		"qty": "10.10000000",
		"quoteQty": "33.33000000",
		"time": 1665734415541,
		"isBuyerMaker": false,
		"isBestMatch": true
	},
	{
		"id": 344,
		"price": "3.30000000",
		"qty": "205.00000000",
		"quoteQty": "676.50000000",
		"time": 1665734415651,
		"isBuyerMaker": false,
		"isBestMatch": true
	},
	{
		"id": 345,
		"price": "3.30000000",
		"qty": "21.50000000",
		"quoteQty": "70.95000000",
		"time": 1665734415831,
		"isBuyerMaker": false,
		"isBestMatch": true
	},
	{
		"id": 346,
		"price": "3.30000000",
		"qty": "10.00000000",
		"quoteQty": "33.00000000",
		"time": 1665734415935,
		"isBuyerMaker": false,
		"isBestMatch": true
	},
	{
		"id": 347,
		"price": "3.27300000",
		"qty": "57.50000000",
		"quoteQty": "188.19750000",
		"time": 1665734416176,
		"isBuyerMaker": true,
		"isBestMatch": true
	},
	{
		"id": 348,
		"price": "3.27200000",
		"qty": "25.80000000",
		"quoteQty": "84.41760000",
		"time": 1665734416176,
		"isBuyerMaker": true,
		"isBestMatch": true
	},
	{
		"id": 349,
		"price": "3.27100000",
		"qty": "22.90000000",
		"quoteQty": "74.90590000",
		"time": 1665734416176,
		"isBuyerMaker": true,
		"isBestMatch": true
	},
	{
		"id": 350,
		"price": "3.24600000",
		"qty": "124.60000000",
		"quoteQty": "404.45160000",
		"time": 1665734416176,
		"isBuyerMaker": true,
		"isBestMatch": true
	},
	{
		"id": 351,
		"price": "3.29900000",
		"qty": "28.50000000",
		"quoteQty": "94.02150000",
		"time": 1665734416664,
		"isBuyerMaker": false,
		"isBestMatch": true
	},
	{
		"id": 352,
		"price": "3.29900000",
		"qty": "22.90000000",
		"quoteQty": "75.54710000",
		"time": 1665734416664,
		"isBuyerMaker": false,
		"isBestMatch": true
	},
	{
		"id": 353,
		"price": "3.29900000",
		"qty": "8.20000000",
		"quoteQty": "27.05180000",
		"time": 1665734416664,
		"isBuyerMaker": false,
		"isBestMatch": true
	},
	{
		"id": 354,
		"price": "3.29900000",
		"qty": "7.50000000",
		"quoteQty": "24.74250000",
		"time": 1665734416924,
		"isBuyerMaker": false,
		"isBestMatch": true
	},
	{
		"id": 355,
		"price": "3.29600000",
		"qty": "91.00000000",
		"quoteQty": "299.93600000",
		"time": 1665734417201,
		"isBuyerMaker": true,
		"isBestMatch": true
	},
	{
		"id": 356,
		"price": "3.26500000",
		"qty": "57.50000000",
		"quoteQty": "187.73750000",
		"time": 1665734417288,
		"isBuyerMaker": true,
		"isBestMatch": true
	},
	{
		"id": 357,
		"price": "3.26400000",
		"qty": "22.50000000",
		"quoteQty": "73.44000000",
		"time": 1665734417288,
		"isBuyerMaker": true,
		"isBestMatch": true
	},
	{
		"id": 358,
		"price": "3.26300000",
		"qty": "13.30000000",
		"quoteQty": "43.39790000",
		"time": 1665734417288,
		"isBuyerMaker": true,
		"isBestMatch": true
	},
	{
		"id": 359,
		"price": "3.29700000",
		"qty": "3.50000000",
		"quoteQty": "11.53950000",
		"time": 1665734417908,
		"isBuyerMaker": false,
		"isBestMatch": true
	},
	{
		"id": 360,
		"price": "3.29700000",
		"qty": "54.00000000",
		"quoteQty": "178.03800000",
		"time": 1665734418185,
		"isBuyerMaker": false,
		"isBestMatch": true
	},
	{
		"id": 361,
		"price": "3.29700000",
		"qty": "44.00000000",
		"quoteQty": "145.06800000",
		"time": 1665734418185,
		"isBuyerMaker": false,
		"isBestMatch": true
	},
	{
		"id": 362,
		"price": "3.29800000",
		"qty": "13.30000000",
		"quoteQty": "43.86340000",
		"time": 1665734418185,
		"isBuyerMaker": false,
		"isBestMatch": true
	},
	{
		"id": 363,
		"price": "3.29800000",
		"qty": "22.50000000",
		"quoteQty": "74.20500000",
		"time": 1665734418185,
		"isBuyerMaker": false,
		"isBestMatch": true
	},
	{
		"id": 364,
		"price": "3.30000000",
		"qty": "115.10000000",
		"quoteQty": "379.83000000",
		"time": 1665734418185,
		"isBuyerMaker": false,
		"isBestMatch": true
	},
	{
		"id": 365,
		"price": "3.30000000",
		"qty": "45.50000000",
		"quoteQty": "150.15000000",
		"time": 1665734418289,
		"isBuyerMaker": false,
		"isBestMatch": true
	},
	{
		"id": 366,
		"price": "3.30000000",
		"qty": "68.60000000",
		"quoteQty": "226.38000000",
		"time": 1665734418319,
		"isBuyerMaker": false,
		"isBestMatch": true
	},
	{
		"id": 367,
		"price": "3.30000000",
		"qty": "30.30000000",
		"quoteQty": "99.99000000",
		"time": 1665734418776,
		"isBuyerMaker": false,
		"isBestMatch": true
	},
	{
		"id": 368,
		"price": "3.30000000",
		"qty": "1.50000000",
		"quoteQty": "4.95000000",
		"time": 1665734418966,
		"isBuyerMaker": false,
		"isBestMatch": true
	},
	{
		"id": 369,
		"price": "3.33800000",
		"qty": "13.40000000",
		"quoteQty": "44.72920000",
		"time": 1665734418966,
		"isBuyerMaker": false,
		"isBestMatch": true
	},
	{
		"id": 370,
		"price": "3.34000000",
		"qty": "3.00000000",
		"quoteQty": "10.02000000",
		"time": 1665734419062,
		"isBuyerMaker": false,
		"isBestMatch": true
	},
	{
		"id": 371,
		"price": "3.34700000",
		"qty": "30.60000000",
		"quoteQty": "102.41820000",
		"time": 1665734419062,
		"isBuyerMaker": false,
		"isBestMatch": true
	},
	{
		"id": 372,
		"price": "3.34700000",
		"qty": "25.70000000",
		"quoteQty": "86.01790000",
		"time": 1665734419062,
		"isBuyerMaker": false,
		"isBestMatch": true
	},
	{
		"id": 373,
		"price": "3.30200000",
		"qty": "28.40000000",
		"quoteQty": "93.77680000",
		"time": 1665734419311,
		"isBuyerMaker": true,
		"isBestMatch": true
	},
	{
		"id": 374,
		"price": "3.34600000",
		"qty": "7.40000000",
		"quoteQty": "24.76040000",
		"time": 1665734420002,
		"isBuyerMaker": false,
		"isBestMatch": true
	},
	{
		"id": 375,
		"price": "3.30600000",
		"qty": "104.60000000",
		"quoteQty": "345.80760000",
		"time": 1665734420080,
		"isBuyerMaker": true,
		"isBestMatch": true
	},
	{
		"id": 376,
		"price": "3.30600000",
		"qty": "26.20000000",
		"quoteQty": "86.61720000",
		"time": 1665734420080,
		"isBuyerMaker": true,
		"isBestMatch": true
	},
	{
		"id": 377,
		"price": "3.29900000",
		"qty": "4.40000000",
		"quoteQty": "14.51560000",
		"time": 1665734420080,
		"isBuyerMaker": true,
		"isBestMatch": true
	},
	{
		"id": 378,
		"price": "3.29600000",
		"qty": "5.80000000",
		"quoteQty": "19.11680000",
		"time": 1665734420080,
		"isBuyerMaker": true,
		"isBestMatch": true
	},
	{
		"id": 379,
		"price": "3.26700000",
		"qty": "11.00000000",
		"quoteQty": "35.93700000",
		"time": 1665734420080,
		"isBuyerMaker": true,
		"isBestMatch": true
	},
	{
		"id": 380,
		"price": "3.34300000",
		"qty": "11.00000000",
		"quoteQty": "36.77300000",
		"time": 1665734420198,
		"isBuyerMaker": false,
		"isBestMatch": true
	},
	{
		"id": 381,
		"price": "3.34400000",
		"qty": "72.60000000",
		"quoteQty": "242.77440000",
		"time": 1665734420198,
		"isBuyerMaker": false,
		"isBestMatch": true
	},
	{
		"id": 382,
		"price": "3.34200000",
		"qty": "15.30000000",
		"quoteQty": "51.13260000",
		"time": 1665734420359,
		"isBuyerMaker": false,
		"isBestMatch": true
	},
	{
		"id": 383,
		"price": "3.30100000",
		"qty": "26.20000000",
		"quoteQty": "86.48620000",
		"time": 1665734420472,
		"isBuyerMaker": true,
		"isBestMatch": true
	},
	{
		"id": 384,
		"price": "3.30000000",
		"qty": "64.90000000",
		"quoteQty": "214.17000000",
		"time": 1665734420472,
		"isBuyerMaker": true,
		"isBestMatch": true
	},
	{
		"id": 385,
		"price": "3.30400000",
		"qty": "104.70000000",
		"quoteQty": "345.92880000",
		"time": 1665734420795,
		"isBuyerMaker": true,
		"isBestMatch": true
	},
	{
		"id": 386,
		"price": "3.29900000",
		"qty": "3.80000000",
		"quoteQty": "12.53620000",
		"time": 1665734420795,
		"isBuyerMaker": true,
		"isBestMatch": true
	},
	{
		"id": 387,
		"price": "3.29800000",
		"qty": "5.70000000",
		"quoteQty": "18.79860000",
		"time": 1665734421164,
		"isBuyerMaker": false,
		"isBestMatch": true
	},
	{
		"id": 388,
		"price": "3.29800000",
		"qty": "1.80000000",
		"quoteQty": "5.93640000",
		"time": 1665734421164,
		"isBuyerMaker": false,
		"isBestMatch": true
	},
	{
		"id": 389,
		"price": "3.29800000",
		"qty": "103.10000000",
		"quoteQty": "340.02380000",
		"time": 1665734421817,
		"isBuyerMaker": false,
		"isBestMatch": true
	},
	{
		"id": 390,
		"price": "3.29800000",
		"qty": "10.10000000",
		"quoteQty": "33.30980000",
		"time": 1665734421817,
		"isBuyerMaker": false,
		"isBestMatch": true
	},
	{
		"id": 391,
		"price": "3.29800000",
		"qty": "3.70000000",
		"quoteQty": "12.20260000",
		"time": 1665734422094,
		"isBuyerMaker": false,
		"isBestMatch": true
	},
	{
		"id": 392,
		"price": "3.29800000",
		"qty": "5.50000000",
		"quoteQty": "18.13900000",
		"time": 1665734422621,
		"isBuyerMaker": false,
		"isBestMatch": true
	},
	{
		"id": 393,
		"price": "3.29800000",
		"qty": "12.70000000",
		"quoteQty": "41.88460000",
		"time": 1665734422903,
		"isBuyerMaker": false,
		"isBestMatch": true
	},
	{
		"id": 394,
		"price": "3.29800000",
		"qty": "2.40000000",
		"quoteQty": "7.91520000",
		"time": 1665734422903,
		"isBuyerMaker": false,
		"isBestMatch": true
	},
	{
		"id": 395,
		"price": "3.29800000",
		"qty": "62.50000000",
		"quoteQty": "206.12500000",
		"time": 1665734423512,
		"isBuyerMaker": false,
		"isBestMatch": true
	},
	{
		"id": 396,
		"price": "3.29900000",
		"qty": "330.00000000",
		"quoteQty": "1088.67000000",
		"time": 1665734423512,
		"isBuyerMaker": false,
		"isBestMatch": true
	},
	{
		"id": 397,
		"price": "3.33400000",
		"qty": "7.50000000",
		"quoteQty": "25.00500000",
		"time": 1665734423512,
		"isBuyerMaker": false,
		"isBestMatch": true
	},
	{
		"id": 398,
		"price": "3.34100000",
		"qty": "26.20000000",
		"quoteQty": "87.53420000",
		"time": 1665734423512,
		"isBuyerMaker": false,
		"isBestMatch": true
	},
	{
		"id": 399,
		"price": "3.34100000",
		"qty": "16.80000000",
		"quoteQty": "56.12880000",
		"time": 1665734423564,
		"isBuyerMaker": true,
		"isBestMatch": true
	},
	{
		"id": 400,
		"price": "3.29900000",
		"qty": "74.20000000",
		"quoteQty": "244.78580000",
		"time": 1665734423564,
		"isBuyerMaker": true,
		"isBestMatch": true
	},
	{
		"id": 401,
		"price": "3.34100000",
		"qty": "6.30000000",
		"quoteQty": "21.04830000",
		"time": 1665734423580,
		"isBuyerMaker": true,
		"isBestMatch": true
	},
	{
		"id": 402,
		"price": "3.34100000",
		"qty": "20.10000000",
		"quoteQty": "67.15410000",
		"time": 1665734423638,
		"isBuyerMaker": true,
		"isBestMatch": true
	},
	{
		"id": 403,
		"price": "3.30000000",
		"qty": "62.70000000",
		"quoteQty": "206.91000000",
		"time": 1665734423638,
		"isBuyerMaker": true,
		"isBestMatch": true
	},
	{
		"id": 404,
		"price": "3.29900000",
		"qty": "4.50000000",
		"quoteQty": "14.84550000",
		"time": 1665734423645,
		"isBuyerMaker": true,
		"isBestMatch": true
	},
	{
		"id": 405,
		"price": "3.29700000",
		"qty": "116.70000000",
		"quoteQty": "384.75990000",
		"time": 1665734423645,
		"isBuyerMaker": true,
		"isBestMatch": true
	},
	{
		"id": 406,
		"price": "3.30000000",
		"qty": "11.90000000",
		"quoteQty": "39.27000000",
		"time": 1665734423995,
		"isBuyerMaker": false,
		"isBestMatch": true
	},
	{
		"id": 407,
		"price": "3.29700000",
		"qty": "338.20000000",
		"quoteQty": "1115.04540000",
		"time": 1665734424631,
		"isBuyerMaker": true,
		"isBestMatch": true
	},
	{
		"id": 408,
		"price": "3.28300000",
		"qty": "62.70000000",
		"quoteQty": "205.84410000",
		"time": 1665734424801,
		"isBuyerMaker": false,
		"isBestMatch": true
	},
	{
		"id": 409,
		"price": "3.28400000",
		"qty": "16.80000000",
		"quoteQty": "55.17120000",
		"time": 1665734424801,
		"isBuyerMaker": false,
		"isBestMatch": true
	},
	{
		"id": 410,
		"price": "3.28400000",
		"qty": "14.80000000",
		"quoteQty": "48.60320000",
		"time": 1665734425536,
		"isBuyerMaker": false,
		"isBestMatch": true
	},
	{
		"id": 411,
		"price": "3.28400000",
		"qty": "16.10000000",
		"quoteQty": "52.87240000",
		"time": 1665734425537,
		"isBuyerMaker": false,
		"isBestMatch": true
	},
	{
		"id": 412,
		"price": "3.28400000",
		"qty": "116.50000000",
		"quoteQty": "382.58600000",
		"time": 1665734425599,
		"isBuyerMaker": false,
		"isBestMatch": true
	},
	{
		"id": 413,
		"price": "3.28400000",
		"qty": "5.00000000",
		"quoteQty": "16.42000000",
		"time": 1665734425642,
		"isBuyerMaker": false,
		"isBestMatch": true
	},
	{
		"id": 414,
		"price": "3.28400000",
		"qty": "174.60000000",
		"quoteQty": "573.38640000",
		"time": 1665734425883,
		"isBuyerMaker": false,
		"isBestMatch": true
	},
	{
		"id": 415,
		"price": "3.28400000",
		"qty": "4.70000000",
		"quoteQty": "15.43480000",
		"time": 1665734426230,
		"isBuyerMaker": false,
		"isBestMatch": true
	},
	{
		"id": 416,
		"price": "3.28300000",
		"qty": "6.30000000",
		"quoteQty": "20.68290000",
		"time": 1665734426927,
		"isBuyerMaker": false,
		"isBestMatch": true
	},
	{
		"id": 417,
		"price": "3.28300000",
		"qty": "26.20000000",
		"quoteQty": "86.01460000",
		"time": 1665734426927,
		"isBuyerMaker": false,
		"isBestMatch": true
	},
	{
		"id": 418,
		"price": "3.28300000",
		"qty": "20.10000000",
		"quoteQty": "65.98830000",
		"time": 1665734426927,
		"isBuyerMaker": false,
		"isBestMatch": true
	},
	{
		"id": 419,
		"price": "3.28300000",
		"qty": "19.30000000",
		"quoteQty": "63.36190000",
		"time": 1665734426927,
		"isBuyerMaker": false,
		"isBestMatch": true
	},
	{
		"id": 420,
		"price": "3.28300000",
		"qty": "63.70000000",
		"quoteQty": "209.12710000",
		"time": 1665734426927,
		"isBuyerMaker": false,
		"isBestMatch": true
	},
	{
		"id": 421,
		"price": "3.28400000",
		"qty": "390.30000000",
		"quoteQty": "1281.74520000",
		"time": 1665734426927,
		"isBuyerMaker": false,
		"isBestMatch": true
	},
	{
		"id": 422,
		"price": "3.28400000",
		"qty": "24.90000000",
		"quoteQty": "81.77160000",
		"time": 1665734426927,
		"isBuyerMaker": false,
		"isBestMatch": true
	},
	{
		"id": 423,
		"price": "3.28400000",
		"qty": "210.50000000",
		"quoteQty": "691.28200000",
		"time": 1665734426927,
		"isBuyerMaker": false,
		"isBestMatch": true
	},
	{
		"id": 424,
		"price": "3.28400000",
		"qty": "114.50000000",
		"quoteQty": "376.01800000",
		"time": 1665734426960,
		"isBuyerMaker": false,
		"isBestMatch": true
	},
	{
		"id": 425,
		"price": "3.28400000",
		"qty": "183.10000000",
		"quoteQty": "601.30040000",
		"time": 1665734426968,
		"isBuyerMaker": false,
		"isBestMatch": true
	},
	{
		"id": 426,
		"price": "3.28400000",
		"qty": "114.50000000",
		"quoteQty": "376.01800000",
		"time": 1665734427168,
		"isBuyerMaker": false,
		"isBestMatch": true
	},
	{
		"id": 427,
		"price": "3.28400000",
		"qty": "100.00000000",
		"quoteQty": "328.40000000",
		"time": 1665734427253,
		"isBuyerMaker": false,
		"isBestMatch": true
	},
	{
		"id": 428,
		"price": "3.28400000",
		"qty": "6.00000000",
		"quoteQty": "19.70400000",
		"time": 1665734427811,
		"isBuyerMaker": false,
		"isBestMatch": true
	},
	{
		"id": 429,
		"price": "3.28400000",
		"qty": "57.60000000",
		"quoteQty": "189.15840000",
		"time": 1665734428162,
		"isBuyerMaker": false,
		"isBestMatch": true
	},
	{
		"id": 430,
		"price": "3.28400000",
		"qty": "3.70000000",
		"quoteQty": "12.15080000",
		"time": 1665734428250,
		"isBuyerMaker": false,
		"isBestMatch": true
	},
	{
		"id": 431,
		"price": "3.27600000",
		"qty": "32.30000000",
		"quoteQty": "105.81480000",
		"time": 1665734428354,
		"isBuyerMaker": true,
		"isBestMatch": true
	},
	{
		"id": 432,
		"price": "3.27100000",
		"qty": "63.90000000",
		"quoteQty": "209.01690000",
		"time": 1665734428354,
		"isBuyerMaker": true,
		"isBestMatch": true
	},
	{
		"id": 433,
		"price": "3.27100000",
		"qty": "13.10000000",
		"quoteQty": "42.85010000",
		"time": 1665734428354,
		"isBuyerMaker": true,
		"isBestMatch": true
	},
	{
		"id": 434,
		"price": "3.27100000",
		"qty": "32.40000000",
		"quoteQty": "105.98040000",
		"time": 1665734428354,
		"isBuyerMaker": true,
		"isBestMatch": true
	},
	{
		"id": 435,
		"price": "3.27100000",
		"qty": "31.30000000",
		"quoteQty": "102.38230000",
		"time": 1665734428354,
		"isBuyerMaker": true,
		"isBestMatch": true
	},
	{
		"id": 436,
		"price": "3.26100000",
		"qty": "51.00000000",
		"quoteQty": "166.31100000",
		"time": 1665734428354,
		"isBuyerMaker": true,
		"isBestMatch": true
	},
	{
		"id": 437,
		"price": "3.28300000",
		"qty": "32.30000000",
		"quoteQty": "106.04090000",
		"time": 1665734428378,
		"isBuyerMaker": false,
		"isBestMatch": true
	},
	{
		"id": 438,
		"price": "3.28300000",
		"qty": "4.00000000",
		"quoteQty": "13.13200000",
		"time": 1665734428407,
		"isBuyerMaker": false,
		"isBestMatch": true
	},
	{
		"id": 439,
		"price": "3.28300000",
		"qty": "17.70000000",
		"quoteQty": "58.10910000",
		"time": 1665734428410,
		"isBuyerMaker": false,
		"isBestMatch": true
	},
	{
		"id": 440,
		"price": "3.28300000",
		"qty": "9.60000000",
		"quoteQty": "31.51680000",
		"time": 1665734428454,
		"isBuyerMaker": false,
		"isBestMatch": true
	},
	{
		"id": 441,
		"price": "3.28300000",
		"qty": "22.50000000",
		"quoteQty": "73.86750000",
		"time": 1665734428454,
		"isBuyerMaker": false,
		"isBestMatch": true
	},
	{
		"id": 442,
		"price": "3.28300000",
		"qty": "41.40000000",
		"quoteQty": "135.91620000",
		"time": 1665734428562,
		"isBuyerMaker": false,
		"isBestMatch": true
	},
	{
		"id": 443,
		"price": "3.28300000",
		"qty": "12.00000000",
		"quoteQty": "39.39600000",
		"time": 1665734428562,
		"isBuyerMaker": false,
		"isBestMatch": true
	},
	{
		"id": 444,
		"price": "3.28300000",
		"qty": "20.40000000",
		"quoteQty": "66.97320000",
		"time": 1665734428669,
		"isBuyerMaker": false,
		"isBestMatch": true
	},
	{
		"id": 445,
		"price": "3.28400000",
		"qty": "62.00000000",
		"quoteQty": "203.60800000",
		"time": 1665734428720,
		"isBuyerMaker": false,
		"isBestMatch": true
	},
	{
		"id": 446,
		"price": "3.27500000",
		"qty": "50.00000000",
		"quoteQty": "163.75000000",
		"time": 1665734428779,
		"isBuyerMaker": false,
		"isBestMatch": true
	},
	{
		"id": 447,
		"price": "3.27500000",
		"qty": "6.10000000",
		"quoteQty": "19.97750000",
		"time": 1665734428801,
		"isBuyerMaker": false,
		"isBestMatch": true
	},
	{
		"id": 448,
		"price": "3.27500000",
		"qty": "58.00000000",
		"quoteQty": "189.95000000",
		"time": 1665734428925,
		"isBuyerMaker": false,
		"isBestMatch": true
	},
	{
		"id": 449,
		"price": "3.27500000",
		"qty": "5.40000000",
		"quoteQty": "17.68500000",
		"time": 1665734428951,
		"isBuyerMaker": false,
		"isBestMatch": true
	},
	{
		"id": 450,
		"price": "3.27500000",
		"qty": "87.40000000",
		"quoteQty": "286.23500000",
		"time": 1665734429032,
		"isBuyerMaker": false,
		"isBestMatch": true
	},
	{
		"id": 451,
		"price": "3.27500000",
		"qty": "95.40000000",
		"quoteQty": "312.43500000",
		"time": 1665734429254,
		"isBuyerMaker": false,
		"isBestMatch": true
	},
	{
		"id": 452,
		"price": "3.27500000",
		"qty": "495.90000000",
		"quoteQty": "1624.07250000",
		"time": 1665734429589,
		"isBuyerMaker": false,
		"isBestMatch": true
	},
	{
		"id": 453,
		"price": "3.27500000",
		"qty": "771.70000000",
		"quoteQty": "2527.31750000",
		"time": 1665734430103,
		"isBuyerMaker": false,
		"isBestMatch": true
	},
	{
		"id": 454,
		"price": "3.28400000",
		"qty": "120.30000000",
		"quoteQty": "395.06520000",
		"time": 1665734430103,
		"isBuyerMaker": false,
		"isBestMatch": true
	},
	{
		"id": 455,
		"price": "3.27500000",
		"qty": "99.40000000",
		"quoteQty": "325.53500000",
		"time": 1665734430293,
		"isBuyerMaker": true,
		"isBestMatch": true
	},
	{
		"id": 456,
		"price": "3.27300000",
		"qty": "35.20000000",
		"quoteQty": "115.20960000",
		"time": 1665734430293,
		"isBuyerMaker": true,
		"isBestMatch": true
	},
	{
		"id": 457,
		"price": "3.27300000",
		"qty": "34.10000000",
		"quoteQty": "111.60930000",
		"time": 1665734430293,
		"isBuyerMaker": true,
		"isBestMatch": true
	},
	{
		"id": 458,
		"price": "3.27200000",
		"qty": "135.60000000",
		"quoteQty": "443.68320000",
		"time": 1665734430293,
		"isBuyerMaker": true,
		"isBestMatch": true
	},
	{
		"id": 459,
		"price": "3.28300000",
		"qty": "23.40000000",
		"quoteQty": "76.82220000",
		"time": 1665734431637,
		"isBuyerMaker": false,
		"isBestMatch": true
	},
	{
		"id": 460,
		"price": "3.28300000",
		"qty": "3.00000000",
		"quoteQty": "9.84900000",
		"time": 1665734431968,
		"isBuyerMaker": false,
		"isBestMatch": true
	},
	{
		"id": 461,
		"price": "3.28300000",
		"qty": "7.70000000",
		"quoteQty": "25.27910000",
		"time": 1665734432068,
		"isBuyerMaker": false,
		"isBestMatch": true
	},
	{
		"id": 462,
		"price": "3.28300000",
		"qty": "35.20000000",
		"quoteQty": "115.56160000",
		"time": 1665734432068,
		"isBuyerMaker": false,
		"isBestMatch": true
	},
	{
		"id": 463,
		"price": "3.28400000",
		"qty": "193.40000000",
		"quoteQty": "635.12560000",
		"time": 1665734432068,
		"isBuyerMaker": false,
		"isBestMatch": true
	},
	{
		"id": 464,
		"price": "3.27300000",
		"qty": "25.00000000",
		"quoteQty": "81.82500000",
		"time": 1665734432298,
		"isBuyerMaker": true,
		"isBestMatch": true
	},
	{
		"id": 465,
		"price": "3.28300000",
		"qty": "23.10000000",
		"quoteQty": "75.83730000",
		"time": 1665734432317,
		"isBuyerMaker": false,
		"isBestMatch": true
	},
	{
		"id": 466,
		"price": "3.28100000",
		"qty": "3.10000000",
		"quoteQty": "10.17110000",
		"time": 1665734432922,
		"isBuyerMaker": true,
		"isBestMatch": true
	},
	{
		"id": 467,
		"price": "3.27800000",
		"qty": "4.60000000",
		"quoteQty": "15.07880000",
		"time": 1665734432933,
		"isBuyerMaker": false,
		"isBestMatch": true
	},
	{
		"id": 468,
		"price": "3.27300000",
		"qty": "3.10000000",
		"quoteQty": "10.14630000",
		"time": 1665734433026,
		"isBuyerMaker": false,
		"isBestMatch": true
	},
	{
		"id": 469,
		"price": "3.27800000",
		"qty": "4.60000000",
		"quoteQty": "15.07880000",
		"time": 1665734433054,
		"isBuyerMaker": false,
		"isBestMatch": true
	},
	{
		"id": 470,
		"price": "3.27800000",
		"qty": "4.60000000",
		"quoteQty": "15.07880000",
		"time": 1665734433143,
		"isBuyerMaker": false,
		"isBestMatch": true
	},
	{
		"id": 471,
		"price": "3.27800000",
		"qty": "4.60000000",
		"quoteQty": "15.07880000",
		"time": 1665734433408,
		"isBuyerMaker": false,
		"isBestMatch": true
	},
	{
		"id": 472,
		"price": "3.27800000",
		"qty": "4.40000000",
		"quoteQty": "14.42320000",
		"time": 1665734433408,
		"isBuyerMaker": false,
		"isBestMatch": true
	},
	{
		"id": 473,
		"price": "3.27300000",
		"qty": "34.40000000",
		"quoteQty": "112.59120000",
		"time": 1665734433907,
		"isBuyerMaker": true,
		"isBestMatch": true
	},
	{
		"id": 474,
		"price": "3.27200000",
		"qty": "17.30000000",
		"quoteQty": "56.60560000",
		"time": 1665734433907,
		"isBuyerMaker": true,
		"isBestMatch": true
	},
	{
		"id": 475,
		"price": "3.27000000",
		"qty": "34.00000000",
		"quoteQty": "111.18000000",
		"time": 1665734433907,
		"isBuyerMaker": true,
		"isBestMatch": true
	},
	{
		"id": 476,
		"price": "3.26900000",
		"qty": "31.50000000",
		"quoteQty": "102.97350000",
		"time": 1665734433907,
		"isBuyerMaker": true,
		"isBestMatch": true
	},
	{
		"id": 477,
		"price": "3.26600000",
		"qty": "42.60000000",
		"quoteQty": "139.13160000",
		"time": 1665734433907,
		"isBuyerMaker": true,
		"isBestMatch": true
	},
	{
		"id": 478,
		"price": "3.26500000",
		"qty": "29.10000000",
		"quoteQty": "95.01150000",
		"time": 1665734433907,
		"isBuyerMaker": true,
		"isBestMatch": true
	},
	{
		"id": 479,
		"price": "3.26000000",
		"qty": "3.30000000",
		"quoteQty": "10.75800000",
		"time": 1665734433907,
		"isBuyerMaker": true,
		"isBestMatch": true
	},
	{
		"id": 480,
		"price": "3.24600000",
		"qty": "4.70000000",
		"quoteQty": "15.25620000",
		"time": 1665734433907,
		"isBuyerMaker": true,
		"isBestMatch": true
	},
	{
		"id": 481,
		"price": "3.24600000",
		"qty": "40.80000000",
		"quoteQty": "132.43680000",
		"time": 1665734433907,
		"isBuyerMaker": true,
		"isBestMatch": true
	},
	{
		"id": 482,
		"price": "3.27600000",
		"qty": "3.20000000",
		"quoteQty": "10.48320000",
		"time": 1665734435137,
		"isBuyerMaker": false,
		"isBestMatch": true
	},
	{
		"id": 483,
		"price": "3.27600000",
		"qty": "22.00000000",
		"quoteQty": "72.07200000",
		"time": 1665734435354,
		"isBuyerMaker": false,
		"isBestMatch": true
	},
	{
		"id": 484,
		"price": "3.27600000",
		"qty": "17.40000000",
		"quoteQty": "57.00240000",
		"time": 1665734435780,
		"isBuyerMaker": false,
		"isBestMatch": true
	},
	{
		"id": 485,
		"price": "3.27700000",
		"qty": "23.30000000",
		"quoteQty": "76.35410000",
		"time": 1665734435780,
		"isBuyerMaker": false,
		"isBestMatch": true
	},
	{
		"id": 486,
		"price": "3.27700000",
		"qty": "10.70000000",
		"quoteQty": "35.06390000",
		"time": 1665734436242,
		"isBuyerMaker": false,
		"isBestMatch": true
	},
	{
		"id": 487,
		"price": "3.27700000",
		"qty": "4.50000000",
		"quoteQty": "14.74650000",
		"time": 1665734436242,
		"isBuyerMaker": false,
		"isBestMatch": true
	},
	{
		"id": 488,
		"price": "3.27700000",
		"qty": "29.90000000",
		"quoteQty": "97.98230000",
		"time": 1665734436286,
		"isBuyerMaker": false,
		"isBestMatch": true
	},
	{
		"id": 489,
		"price": "3.27800000",
		"qty": "29.10000000",
		"quoteQty": "95.38980000",
		"time": 1665734436286,
		"isBuyerMaker": false,
		"isBestMatch": true
	},
	{
		"id": 490,
		"price": "3.28300000",
		"qty": "1.90000000",
		"quoteQty": "6.23770000",
		"time": 1665734436286,
		"isBuyerMaker": false,
		"isBestMatch": true
	},
	{
		"id": 491,
		"price": "3.28400000",
		"qty": "3.70000000",
		"quoteQty": "12.15080000",
		"time": 1665734436286,
		"isBuyerMaker": false,
		"isBestMatch": true
	},
	{
		"id": 492,
		"price": "3.29600000",
		"qty": "3.30000000",
		"quoteQty": "10.87680000",
		"time": 1665734436286,
		"isBuyerMaker": false,
		"isBestMatch": true
	},
	{
		"id": 493,
		"price": "3.29600000",
		"qty": "3.30000000",
		"quoteQty": "10.87680000",
		"time": 1665734436286,
		"isBuyerMaker": false,
		"isBestMatch": true
	},
	{
		"id": 494,
		"price": "3.29600000",
		"qty": "3.30000000",
		"quoteQty": "10.87680000",
		"time": 1665734436286,
		"isBuyerMaker": false,
		"isBestMatch": true
	},
	{
		"id": 495,
		"price": "3.29600000",
		"qty": "3.30000000",
		"quoteQty": "10.87680000",
		"time": 1665734436286,
		"isBuyerMaker": false,
		"isBestMatch": true
	},
	{
		"id": 496,
		"price": "3.29600000",
		"qty": "3.30000000",
		"quoteQty": "10.87680000",
		"time": 1665734436286,
		"isBuyerMaker": false,
		"isBestMatch": true
	},
	{
		"id": 497,
		"price": "3.29600000",
		"qty": "2.90000000",
		"quoteQty": "9.55840000",
		"time": 1665734436286,
		"isBuyerMaker": false,
		"isBestMatch": true
	},
	{
		"id": 498,
		"price": "3.30000000",
		"qty": "95.00000000",
		"quoteQty": "313.50000000",
		"time": 1665734436286,
		"isBuyerMaker": false,
		"isBestMatch": true
	},
	{
		"id": 499,
		"price": "3.28700000",
		"qty": "42.40000000",
		"quoteQty": "139.36880000",
		"time": 1665734436606,
		"isBuyerMaker": true,
		"isBestMatch": true
	},
	{
		"id": 500,
		"price": "3.29900000",
		"qty": "8.80000000",
		"quoteQty": "29.03120000",
		"time": 1665734437579,
		"isBuyerMaker": false,
		"isBestMatch": true
	},
	{
		"id": 501,
		"price": "3.28600000",
		"qty": "30.20000000",
		"quoteQty": "99.23720000",
		"time": 1665734437839,
		"isBuyerMaker": true,
		"isBestMatch": true
	},
	{
		"id": 502,
		"price": "3.28600000",
		"qty": "36.70000000",
		"quoteQty": "120.59620000",
		"time": 1665734437839,
		"isBuyerMaker": true,
		"isBestMatch": true
	},
	{
		"id": 503,
		"price": "3.28600000",
		"qty": "31.80000000",
		"quoteQty": "104.49480000",
		"time": 1665734437873,
		"isBuyerMaker": true,
		"isBestMatch": true
	},
	{
		"id": 504,
		"price": "3.28600000",
		"qty": "33.70000000",
		"quoteQty": "110.73820000",
		"time": 1665734437873,
		"isBuyerMaker": true,
		"isBestMatch": true
	},
	{
		"id": 505,
		"price": "3.28500000",
		"qty": "66.60000000",
		"quoteQty": "218.78100000",
		"time": 1665734437873,
		"isBuyerMaker": true,
		"isBestMatch": true
	},
	{
		"id": 506,
		"price": "3.28500000",
		"qty": "34.50000000",
		"quoteQty": "113.33250000",
		"time": 1665734437873,
		"isBuyerMaker": true,
		"isBestMatch": true
	},
	{
		"id": 507,
		"price": "3.28400000",
		"qty": "9.50000000",
		"quoteQty": "31.19800000",
		"time": 1665734437873,
		"isBuyerMaker": true,
		"isBestMatch": true
	},
	{
		"id": 508,
		"price": "3.28400000",
		"qty": "10.40000000",
		"quoteQty": "34.15360000",
		"time": 1665734437873,
		"isBuyerMaker": true,
		"isBestMatch": true
	},
	{
		"id": 509,
		"price": "3.28000000",
		"qty": "100.00000000",
		"quoteQty": "328.00000000",
		"time": 1665734437873,
		"isBuyerMaker": true,
		"isBestMatch": true
	},
	{
		"id": 510,
		"price": "3.27700000",
		"qty": "87.70000000",
		"quoteQty": "287.39290000",
		"time": 1665734438399,
		"isBuyerMaker": false,
		"isBestMatch": true
	},
	{
		"id": 511,
		"price": "3.26900000",
		"qty": "23.80000000",
		"quoteQty": "77.80220000",
		"time": 1665734438819,
		"isBuyerMaker": false,
		"isBestMatch": true
	},
	{
		"id": 512,
		"price": "3.26800000",
		"qty": "100.00000000",
		"quoteQty": "326.80000000",
		"time": 1665734440081,
		"isBuyerMaker": true,
		"isBestMatch": true
	},
	{
		"id": 513,
		"price": "3.24700000",
		"qty": "23.00000000",
		"quoteQty": "74.68100000",
		"time": 1665734440081,
		"isBuyerMaker": true,
		"isBestMatch": true
	},
	{
		"id": 514,
		"price": "3.24600000",
		"qty": "133.00000000",
		"quoteQty": "431.71800000",
		"time": 1665734440081,
		"isBuyerMaker": true,
		"isBestMatch": true
	},
	{
		"id": 515,
		"price": "3.24600000",
		"qty": "8.20000000",
		"quoteQty": "26.61720000",
		"time": 1665734440081,
		"isBuyerMaker": true,
		"isBestMatch": true
	},
	{
		"id": 516,
		"price": "3.24600000",
		"qty": "9.80000000",
		"quoteQty": "31.81080000",
		"time": 1665734440081,
		"isBuyerMaker": true,
		"isBestMatch": true
	},
	{
		"id": 517,
		"price": "3.24600000",
		"qty": "70.50000000",
		"quoteQty": "228.84300000",
		"time": 1665734440081,
		"isBuyerMaker": true,
		"isBestMatch": true
	},
	{
		"id": 518,
		"price": "3.24400000",
		"qty": "6.10000000",
		"quoteQty": "19.78840000",
		"time": 1665734440081,
		"isBuyerMaker": true,
		"isBestMatch": true
	},
	{
		"id": 519,
		"price": "3.24300000",
		"qty": "0.20000000",
		"quoteQty": "0.64860000",
		"time": 1665734440081,
		"isBuyerMaker": true,
		"isBestMatch": true
	},
	{
		"id": 520,
		"price": "3.26800000",
		"qty": "16.10000000",
		"quoteQty": "52.61480000",
		"time": 1665734440117,
		"isBuyerMaker": false,
		"isBestMatch": true
	},
	{
		"id": 521,
		"price": "3.26800000",
		"qty": "17.40000000",
		"quoteQty": "56.86320000",
		"time": 1665734440222,
		"isBuyerMaker": false,
		"isBestMatch": true
	},
	{
		"id": 522,
		"price": "3.26800000",
		"qty": "13.10000000",
		"quoteQty": "42.81080000",
		"time": 1665734440222,
		"isBuyerMaker": false,
		"isBestMatch": true
	},
	{
		"id": 523,
		"price": "3.26800000",
		"qty": "7.80000000",
		"quoteQty": "25.49040000",
		"time": 1665734440443,
		"isBuyerMaker": false,
		"isBestMatch": true
	},
	{
		"id": 524,
		"price": "3.26800000",
		"qty": "45.60000000",
		"quoteQty": "149.02080000",
		"time": 1665734440471,
		"isBuyerMaker": false,
		"isBestMatch": true
	},
	{
		"id": 525,
		"price": "3.26900000",
		"qty": "50.20000000",
		"quoteQty": "164.10380000",
		"time": 1665734440471,
		"isBuyerMaker": false,
		"isBestMatch": true
	},
	{
		"id": 526,
		"price": "3.26900000",
		"qty": "30.50000000",
		"quoteQty": "99.70450000",
		"time": 1665734440800,
		"isBuyerMaker": false,
		"isBestMatch": true
	},
	{
		"id": 527,
		"price": "3.26900000",
		"qty": "24.30000000",
		"quoteQty": "79.43670000",
		"time": 1665734442840,
		"isBuyerMaker": false,
		"isBestMatch": true
	},
	{
		"id": 528,
		"price": "3.26800000",
		"qty": "6.20000000",
		"quoteQty": "20.26160000",
		"time": 1665734443138,
		"isBuyerMaker": true,
		"isBestMatch": true
	},
	{
		"id": 529,
		"price": "3.25700000",
		"qty": "24.20000000",
		"quoteQty": "78.81940000",
		"time": 1665734443138,
		"isBuyerMaker": true,
		"isBestMatch": true
	},
	{
		"id": 530,
		"price": "3.26900000",
		"qty": "3.50000000",
		"quoteQty": "11.44150000",
		"time": 1665734443308,
		"isBuyerMaker": false,
		"isBestMatch": true
	},
	{
		"id": 531,
		"price": "3.26900000",
		"qty": "5.60000000",
		"quoteQty": "18.30640000",
		"time": 1665734444263,
		"isBuyerMaker": false,
		"isBestMatch": true
	},
	{
		"id": 532,
		"price": "3.26900000",
		"qty": "7.00000000",
		"quoteQty": "22.88300000",
		"time": 1665734444869,
		"isBuyerMaker": false,
		"isBestMatch": true
	},
	{
		"id": 533,
		"price": "3.26900000",
		"qty": "26.00000000",
		"quoteQty": "84.99400000",
		"time": 1665734444979,
		"isBuyerMaker": false,
		"isBestMatch": true
	},
	{
		"id": 534,
		"price": "3.26900000",
		"qty": "77.60000000",
		"quoteQty": "253.67440000",
		"time": 1665734445064,
		"isBuyerMaker": false,
		"isBestMatch": true
	},
	{
		"id": 535,
		"price": "3.26900000",
		"qty": "8.70000000",
		"quoteQty": "28.44030000",
		"time": 1665734445128,
		"isBuyerMaker": false,
		"isBestMatch": true
	},
	{
		"id": 536,
		"price": "3.26900000",
		"qty": "10.80000000",
		"quoteQty": "35.30520000",
		"time": 1665734445190,
		"isBuyerMaker": false,
		"isBestMatch": true
	},
	{
		"id": 537,
		"price": "3.26900000",
		"qty": "74.40000000",
		"quoteQty": "243.21360000",
		"time": 1665734445371,
		"isBuyerMaker": false,
		"isBestMatch": true
	},
	{
		"id": 538,
		"price": "3.26900000",
		"qty": "15.00000000",
		"quoteQty": "49.03500000",
		"time": 1665734445429,
		"isBuyerMaker": false,
		"isBestMatch": true
	},
	{
		"id": 539,
		"price": "3.26000000",
		"qty": "25.00000000",
		"quoteQty": "81.50000000",
		"time": 1665734445610,
		"isBuyerMaker": true,
		"isBestMatch": true
	},
	{
		"id": 540,
		"price": "3.26900000",
		"qty": "4.50000000",
		"quoteQty": "14.71050000",
		"time": 1665734445878,
		"isBuyerMaker": false,
		"isBestMatch": true
	},
	{
		"id": 541,
		"price": "3.26000000",
		"qty": "95.40000000",
		"quoteQty": "311.00400000",
		"time": 1665734446042,
		"isBuyerMaker": true,
		"isBestMatch": true
	},
	{
		"id": 542,
		"price": "3.26900000",
		"qty": "304.50000000",
		"quoteQty": "995.41050000",
		"time": 1665734447129,
		"isBuyerMaker": false,
		"isBestMatch": true
	},
	{
		"id": 543,
		"price": "3.26900000",
		"qty": "16.60000000",
		"quoteQty": "54.26540000",
		"time": 1665734447233,
		"isBuyerMaker": false,
		"isBestMatch": true
	},
	{
		"id": 544,
		"price": "3.26900000",
		"qty": "4.20000000",
		"quoteQty": "13.72980000",
		"time": 1665734447975,
		"isBuyerMaker": false,
		"isBestMatch": true
	},
	{
		"id": 545,
		"price": "3.26900000",
		"qty": "337.70000000",
		"quoteQty": "1103.94130000",
		"time": 1665734448394,
		"isBuyerMaker": false,
		"isBestMatch": true
	},
	{
		"id": 546,
		"price": "3.26900000",
		"qty": "4.40000000",
		"quoteQty": "14.38360000",
		"time": 1665734448514,
		"isBuyerMaker": false,
		"isBestMatch": true
	},
	{
		"id": 547,
		"price": "3.26900000",
		"qty": "50.50000000",
		"quoteQty": "165.08450000",
		"time": 1665734448872,
		"isBuyerMaker": false,
		"isBestMatch": true
	},
	{
		"id": 548,
		"price": "3.26900000",
		"qty": "3.70000000",
		"quoteQty": "12.09530000",
		"time": 1665734449102,
		"isBuyerMaker": false,
		"isBestMatch": true
	},
	{
		"id": 549,
		"price": "3.26900000",
		"qty": "18.30000000",
		"quoteQty": "59.82270000",
		"time": 1665734449333,
		"isBuyerMaker": false,
		"isBestMatch": true
	},
	{
		"id": 550,
		"price": "3.26900000",
		"qty": "30.50000000",
		"quoteQty": "99.70450000",
		"time": 1665734449379,
		"isBuyerMaker": false,
		"isBestMatch": true
	},
	{
		"id": 551,
		"price": "3.26900000",
		"qty": "8.90000000",
		"quoteQty": "29.09410000",
		"time": 1665734449467,
		"isBuyerMaker": false,
		"isBestMatch": true
	},
	{
		"id": 552,
		"price": "3.25700000",
		"qty": "21.20000000",
		"quoteQty": "69.04840000",
		"time": 1665734449520,
		"isBuyerMaker": true,
		"isBestMatch": true
	},
	{
		"id": 553,
		"price": "3.25600000",
		"qty": "21.40000000",
		"quoteQty": "69.67840000",
		"time": 1665734449520,
		"isBuyerMaker": true,
		"isBestMatch": true
	},
	{
		"id": 554,
		"price": "3.25000000",
		"qty": "3.50000000",
		"quoteQty": "11.37500000",
		"time": 1665734449520,
		"isBuyerMaker": true,
		"isBestMatch": true
	},
	{
		"id": 555,
		"price": "3.24000000",
		"qty": "69.30000000",
		"quoteQty": "224.53200000",
		"time": 1665734449520,
		"isBuyerMaker": true,
		"isBestMatch": true
	},
	{
		"id": 556,
		"price": "3.22400000",
		"qty": "23.20000000",
		"quoteQty": "74.79680000",
		"time": 1665734449520,
		"isBuyerMaker": true,
		"isBestMatch": true
	},
	{
		"id": 557,
		"price": "3.22400000",
		"qty": "30.50000000",
		"quoteQty": "98.33200000",
		"time": 1665734449520,
		"isBuyerMaker": true,
		"isBestMatch": true
	},
	{
		"id": 558,
		"price": "3.22200000",
		"qty": "32.50000000",
		"quoteQty": "104.71500000",
		"time": 1665734449520,
		"isBuyerMaker": true,
		"isBestMatch": true
	},
	{
		"id": 559,
		"price": "3.22100000",
		"qty": "196.20000000",
		"quoteQty": "631.96020000",
		"time": 1665734449520,
		"isBuyerMaker": true,
		"isBestMatch": true
	},
	{
		"id": 560,
		"price": "3.22100000",
		"qty": "576.30000000",
		"quoteQty": "1856.26230000",
		"time": 1665734449520,
		"isBuyerMaker": true,
		"isBestMatch": true
	},
	{
		"id": 561,
		"price": "3.22100000",
		"qty": "10.80000000",
		"quoteQty": "34.78680000",
		"time": 1665734449520,
		"isBuyerMaker": true,
		"isBestMatch": true
	},
	{
		"id": 562,
		"price": "3.21700000",
		"qty": "13.90000000",
		"quoteQty": "44.71630000",
		"time": 1665734449520,
		"isBuyerMaker": true,
		"isBestMatch": true
	},
	{
		"id": 563,
		"price": "3.21700000",
		"qty": "92.30000000",
		"quoteQty": "296.92910000",
		"time": 1665734449520,
		"isBuyerMaker": true,
		"isBestMatch": true
	},
	{
		"id": 564,
		"price": "3.21700000",
		"qty": "13.90000000",
		"quoteQty": "44.71630000",
		"time": 1665734449520,
		"isBuyerMaker": true,
		"isBestMatch": true
	},
	{
		"id": 565,
		"price": "3.21700000",
		"qty": "13.90000000",
		"quoteQty": "44.71630000",
		"time": 1665734449520,
		"isBuyerMaker": true,
		"isBestMatch": true
	},
	{
		"id": 566,
		"price": "3.21700000",
		"qty": "13.90000000",
		"quoteQty": "44.71630000",
		"time": 1665734449520,
		"isBuyerMaker": true,
		"isBestMatch": true
	},
	{
		"id": 567,
		"price": "3.21700000",
		"qty": "13.90000000",
		"quoteQty": "44.71630000",
		"time": 1665734449520,
		"isBuyerMaker": true,
		"isBestMatch": true
	},
	{
		"id": 568,
		"price": "3.21700000",
		"qty": "13.90000000",
		"quoteQty": "44.71630000",
		"time": 1665734449520,
		"isBuyerMaker": true,
		"isBestMatch": true
	},
	{
		"id": 569,
		"price": "3.21700000",
		"qty": "13.90000000",
		"quoteQty": "44.71630000",
		"time": 1665734449520,
		"isBuyerMaker": true,
		"isBestMatch": true
	},
	{
		"id": 570,
		"price": "3.21700000",
		"qty": "13.90000000",
		"quoteQty": "44.71630000",
		"time": 1665734449520,
		"isBuyerMaker": true,
		"isBestMatch": true
	},
	{
		"id": 571,
		"price": "3.21700000",
		"qty": "13.90000000",
		"quoteQty": "44.71630000",
		"time": 1665734449520,
		"isBuyerMaker": true,
		"isBestMatch": true
	},
	{
		"id": 572,
		"price": "3.21700000",
		"qty": "13.00000000",
		"quoteQty": "41.82100000",
		"time": 1665734449520,
		"isBuyerMaker": true,
		"isBestMatch": true
	},
	{
		"id": 573,
		"price": "3.21100000",
		"qty": "30.80000000",
		"quoteQty": "98.89880000",
		"time": 1665734449520,
		"isBuyerMaker": true,
		"isBestMatch": true
	},
	{
		"id": 574,
		"price": "3.20400000",
		"qty": "247.10000000",
		"quoteQty": "791.70840000",
		"time": 1665734449520,
		"isBuyerMaker": true,
		"isBestMatch": true
	},
	{
		"id": 575,
		"price": "3.20000000",
		"qty": "284.90000000",
		"quoteQty": "911.68000000",
		"time": 1665734449520,
		"isBuyerMaker": true,
		"isBestMatch": true
	},
	{
		"id": 576,
		"price": "3.19900000",
		"qty": "14.20000000",
		"quoteQty": "45.42580000",
		"time": 1665734449520,
		"isBuyerMaker": true,
		"isBestMatch": true
	},
	{
		"id": 577,
		"price": "3.19800000",
		"qty": "201.40000000",
		"quoteQty": "644.07720000",
		"time": 1665734449520,
		"isBuyerMaker": true,
		"isBestMatch": true
	},
	{
		"id": 578,
		"price": "3.25000000",
		"qty": "7.00000000",
		"quoteQty": "22.75000000",
		"time": 1665734449551,
		"isBuyerMaker": false,
		"isBestMatch": true
	},
	{
		"id": 579,
		"price": "3.20000000",
		"qty": "23.00000000",
		"quoteQty": "73.60000000",
		"time": 1665734449553,
		"isBuyerMaker": true,
		"isBestMatch": true
	},
	{
		"id": 580,
		"price": "3.22600000",
		"qty": "11.50000000",
		"quoteQty": "37.09900000",
		"time": 1665734449626,
		"isBuyerMaker": false,
		"isBestMatch": true
	},
	{
		"id": 581,
		"price": "3.22600000",
		"qty": "8.80000000",
		"quoteQty": "28.38880000",
		"time": 1665734449628,
		"isBuyerMaker": false,
		"isBestMatch": true
	},
	{
		"id": 582,
		"price": "3.22600000",
		"qty": "4.50000000",
		"quoteQty": "14.51700000",
		"time": 1665734449629,
		"isBuyerMaker": false,
		"isBestMatch": true
	},
	{
		"id": 583,
		"price": "3.22600000",
		"qty": "19.90000000",
		"quoteQty": "64.19740000",
		"time": 1665734449629,
		"isBuyerMaker": false,
		"isBestMatch": true
	},
	{
		"id": 584,
		"price": "3.22600000",
		"qty": "4.90000000",
		"quoteQty": "15.80740000",
		"time": 1665734449634,
		"isBuyerMaker": false,
		"isBestMatch": true
	},
	{
		"id": 585,
		"price": "3.22600000",
		"qty": "18.30000000",
		"quoteQty": "59.03580000",
		"time": 1665734449634,
		"isBuyerMaker": false,
		"isBestMatch": true
	},
	{
		"id": 586,
		"price": "3.22500000",
		"qty": "8.30000000",
		"quoteQty": "26.76750000",
		"time": 1665734449654,
		"isBuyerMaker": false,
		"isBestMatch": true
	},
	{
		"id": 587,
		"price": "3.22500000",
		"qty": "13.00000000",
		"quoteQty": "41.92500000",
		"time": 1665734449681,
		"isBuyerMaker": false,
		"isBestMatch": true
	},
	{
		"id": 588,
		"price": "3.22500000",
		"qty": "22.70000000",
		"quoteQty": "73.20750000",
		"time": 1665734449681,
		"isBuyerMaker": false,
		"isBestMatch": true
	},
	{
		"id": 589,
		"price": "3.22500000",
		"qty": "0.30000000",
		"quoteQty": "0.96750000",
		"time": 1665734449683,
		"isBuyerMaker": false,
