[
	{
		"id": 0,
		"price": "0.02838000",
		"qty": "353.00000000",
		"quoteQty": "10.01814000",
		"time": 1665734400000,
		"isBuyerMaker": false,
		"isBestMatch": true
	},
	{
		"id": 1,
		"price": "0.03840000",
		"qty": "2824.00000000",
		"quoteQty": "108.44160000",
		"time": 1665734400040,
		"isBuyerMaker": false,
		"isBestMatch": true
	},
	{
		"id": 2,
		"price": "0.03840000",
		"qty": "7176.00000000",
		"quoteQty": "275.55840000",
		"time": 1665734400041,
		"isBuyerMaker": false,
		"isBestMatch": true
	},
	{
		"id": 3,
		"price": "0.03400000",
		"qty": "294117.00000000",
		"quoteQty": "9999.97800000",
		"time": 1665734400221,
		"isBuyerMaker": false,
		"isBestMatch": true
	},
	{
		"id": 4,
		"price": "0.03400000",
		"qty": "323.00000000",
		"quoteQty": "10.98200000",
		"time": 1665734400339,
		"isBuyerMaker": false,
		"isBestMatch": true
	},
	{
		"id": 5,
		"price": "0.03400000",
		"qty": "2712.00000000",
		"quoteQty": "92.20800000",
		"time": 1665734400371,
		"isBuyerMaker": false,
		"isBestMatch": true
	},
	{
		"id": 6,
		"price": "0.03400000",
		"qty": "5290.00000000",
		"quoteQty": "179.86000000",
		"time": 1665734400959,
		"isBuyerMaker": false,
		"isBestMatch": true
	},
	{
		"id": 7,
		"price": "0.03351000",
		"qty": "4511.00000000",
		"quoteQty": "151.16361000",
		"time": 1665734400979,
		"isBuyerMaker": true,
		"isBestMatch": true
	},
	{
		"id": 8,
		"price": "0.03350000",
		"qty": "4447.00000000",
		"quoteQty": "148.97450000",
		"time": 1665734400979,
		"isBuyerMaker": true,
		"isBestMatch": true
	},
	{
		"id": 9,
		"price": "0.03021000",
		"qty": "10299.00000000",
		"quoteQty": "311.13279000",
		"time": 1665734400979,
		"isBuyerMaker": true,
		"isBestMatch": true
	},
	{
		"id": 10,
		"price": "0.03021000",
		"qty": "1517.00000000",
		"quoteQty": "45.82857000",
		"time": 1665734400979,
		"isBuyerMaker": true,
		"isBestMatch": true
	},
	{
		"id": 11,
		"price": "0.03020000",
		"qty": "12471.00000000",
		"quoteQty": "376.62420000",
		"time": 1665734400979,
		"isBuyerMaker": true,
		"isBestMatch": true
	},
	{
		"id": 12,
		"price": "0.03000000",
		"qty": "1800.00000000",
		"quoteQty": "54.00000000",
		"time": 1665734400979,
		"isBuyerMaker": true,
		"isBestMatch": true
	},
	{
		"id": 13,
		"price": "0.02999000",
		"qty": "10299.00000000",
		"quoteQty": "308.86701000",
		"time": 1665734401028,
		"isBuyerMaker": false,
		"isBestMatch": true
	},
	{
		"id": 14,
		"price": "0.03000000",
		"qty": "68648.00000000",
		"quoteQty": "2059.44000000",
		"time": 1665734401028,
		"isBuyerMaker": false,
		"isBestMatch": true
	},
	{
		"id": 15,
		"price": "0.02999000",
		"qty": "1517.00000000",
		"quoteQty": "45.49483000",
		"time": 1665734401034,
		"isBuyerMaker": false,
		"isBestMatch": true
	},
	{
		"id": 16,
		"price": "0.03000000",
		"qty": "17157.00000000",
		"quoteQty": "514.71000000",
		"time": 1665734401034,
		"isBuyerMaker": false,
		"isBestMatch": true
	},
	{
		"id": 17,
		"price": "0.03000000",
		"qty": "619.00000000",
		"quoteQty": "18.57000000",
		"time": 1665734401055,
		"isBuyerMaker": false,
		"isBestMatch": true
	},
	{
		"id": 18,
		"price": "0.03000000",
		"qty": "13600.00000000",
		"quoteQty": "408.00000000",
		"time": 1665734401059,
		"isBuyerMaker": false,
		"isBestMatch": true
	},
	{
		"id": 19,
		"price": "0.03000000",
		"qty": "33334.00000000",
		"quoteQty": "1000.02000000",
		"time": 1665734401060,
		"isBuyerMaker": false,
		"isBestMatch": true
	},
	{
		"id": 20,
		"price": "0.02916000",
		"qty": "323.00000000",
		"quoteQty": "9.41868000",
		"time": 1665734401072,
		"isBuyerMaker": true,
		"isBestMatch": true
	},
	{
		"id": 21,
		"price": "0.03000000",
		"qty": "48970.00000000",
		"quoteQty": "1469.10000000",
		"time": 1665734401098,
		"isBuyerMaker": false,
		"isBestMatch": true
	},
	{
		"id": 22,
		"price": "0.03399000",
		"qty": "133300.00000000",
		"quoteQty": "4530.86700000",
		"time": 1665734401098,
		"isBuyerMaker": false,
		"isBestMatch": true
	},
	{
		"id": 23,
		"price": "0.03399000",
		"qty": "1011.00000000",
		"quoteQty": "34.36389000",
		"time": 1665734401193,
		"isBuyerMaker": false,
		"isBestMatch": true
	},
	{
		"id": 24,
		"price": "0.03399000",
		"qty": "1033.00000000",
		"quoteQty": "35.11167000",
		"time": 1665734401257,
		"isBuyerMaker": false,
		"isBestMatch": true
	},
	{
		"id": 25,
		"price": "0.03399000",
		"qty": "1471.00000000",
		"quoteQty": "49.99929000",
		"time": 1665734401275,
		"isBuyerMaker": false,
		"isBestMatch": true
	},
	{
		"id": 26,
		"price": "0.03399000",
		"qty": "76565.00000000",
		"quoteQty": "2602.44435000",
		"time": 1665734401296,
		"isBuyerMaker": false,
		"isBestMatch": true
	},
	{
		"id": 27,
		"price": "0.03399000",
		"qty": "339.00000000",
		"quoteQty": "11.52261000",
		"time": 1665734401302,
		"isBuyerMaker": false,
		"isBestMatch": true
	},
	{
		"id": 28,
		"price": "0.03399000",
		"qty": "294.00000000",
		"quoteQty": "9.99306000",
		"time": 1665734401315,
		"isBuyerMaker": false,
		"isBestMatch": true
	},
	{
		"id": 29,
		"price": "0.03399000",
		"qty": "2942.00000000",
		"quoteQty": "99.99858000",
		"time": 1665734401453,
		"isBuyerMaker": false,
		"isBestMatch": true
	},
	{
		"id": 30,
		"price": "0.02938000",
		"qty": "5477.00000000",
		"quoteQty": "160.91426000",
		"time": 1665734401646,
		"isBuyerMaker": true,
		"isBestMatch": true
	},
	{
		"id": 31,
		"price": "0.02923000",
		"qty": "1558.00000000",
		"quoteQty": "45.54034000",
		"time": 1665734401646,
		"isBuyerMaker": true,
		"isBestMatch": true
	},
	{
		"id": 32,
		"price": "0.02922000",
		"qty": "22993.00000000",
		"quoteQty": "671.85546000",
		"time": 1665734401646,
		"isBuyerMaker": true,
		"isBestMatch": true
	},
	{
		"id": 33,
		"price": "0.03398000",
		"qty": "1558.00000000",
		"quoteQty": "52.94084000",
		"time": 1665734401808,
		"isBuyerMaker": false,
		"isBestMatch": true
	},
	{
		"id": 34,
		"price": "0.03399000",
		"qty": "29397.00000000",
		"quoteQty": "999.20403000",
		"time": 1665734401808,
		"isBuyerMaker": false,
		"isBestMatch": true
	},
	{
		"id": 35,
		"price": "0.03400000",
		"qty": "12349.00000000",
		"quoteQty": "419.86600000",
		"time": 1665734401808,
		"isBuyerMaker": false,
		"isBestMatch": true
	},
	{
		"id": 36,
		"price": "0.03300000",
		"qty": "10145.00000000",
		"quoteQty": "334.78500000",
		"time": 1665734401881,
		"isBuyerMaker": false,
		"isBestMatch": true
	},
	{
		"id": 37,
		"price": "0.03300000",
		"qty": "7339.00000000",
		"quoteQty": "242.18700000",
		"time": 1665734401885,
		"isBuyerMaker": false,
		"isBestMatch": true
	},
	{
		"id": 38,
		"price": "0.03300000",
		"qty": "10117.00000000",
		"quoteQty": "333.86100000",
		"time": 1665734401886,
		"isBuyerMaker": false,
		"isBestMatch": true
	},
	{
		"id": 39,
		"price": "0.03300000",
		"qty": "10117.00000000",
		"quoteQty": "333.86100000",
		"time": 1665734401897,
		"isBuyerMaker": false,
		"isBestMatch": true
	},
	{
		"id": 40,
		"price": "0.03300000",
		"qty": "7714.00000000",
		"quoteQty": "254.56200000",
		"time": 1665734401919,
		"isBuyerMaker": false,
		"isBestMatch": true
	},
	{
		"id": 41,
		"price": "0.03400000",
		"qty": "17.00000000",
		"quoteQty": "0.57800000",
		"time": 1665734401919,
		"isBuyerMaker": false,
		"isBestMatch": true
	},
	{
		"id": 42,
		"price": "0.03400000",
		"qty": "2720.00000000",
		"quoteQty": "92.48000000",
		"time": 1665734402013,
		"isBuyerMaker": false,
		"isBestMatch": true
	},
	{
		"id": 43,
		"price": "0.03300000",
		"qty": "22082.00000000",
		"quoteQty": "728.70600000",
		"time": 1665734402130,
		"isBuyerMaker": false,
		"isBestMatch": true
	},
	{
		"id": 44,
		"price": "0.03300000",
		"qty": "15974.00000000",
		"quoteQty": "527.14200000",
		"time": 1665734402133,
		"isBuyerMaker": false,
		"isBestMatch": true
	},
	{
		"id": 45,
		"price": "0.03300000",
		"qty": "15974.00000000",
		"quoteQty": "527.14200000",
		"time": 1665734402134,
		"isBuyerMaker": false,
		"isBestMatch": true
	},
	{
		"id": 46,
		"price": "0.03300000",
		"qty": "15974.00000000",
		"quoteQty": "527.14200000",
		"time": 1665734402134,
		"isBuyerMaker": false,
		"isBestMatch": true
	},
	{
		"id": 47,
		"price": "0.03300000",
		"qty": "9396.00000000",
		"quoteQty": "310.06800000",
		"time": 1665734402136,
		"isBuyerMaker": false,
		"isBestMatch": true
	},
	{
		"id": 48,
		"price": "0.03300000",
		"qty": "3296.00000000",
		"quoteQty": "108.76800000",
		"time": 1665734402139,
		"isBuyerMaker": false,
		"isBestMatch": true
	},
	{
		"id": 49,
		"price": "0.03400000",
		"qty": "762.00000000",
		"quoteQty": "25.90800000",
		"time": 1665734402240,
		"isBuyerMaker": false,
		"isBestMatch": true
	},
	{
		"id": 50,
		"price": "0.03329000",
		"qty": "2584.00000000",
		"quoteQty": "86.02136000",
		"time": 1665734402266,
		"isBuyerMaker": false,
		"isBestMatch": true
	},
	{
		"id": 51,
		"price": "0.03329000",
		"qty": "2893.00000000",
		"quoteQty": "96.30797000",
		"time": 1665734402277,
		"isBuyerMaker": false,
		"isBestMatch": true
	},
	{
		"id": 52,
		"price": "0.03400000",
		"qty": "11873.00000000",
		"quoteQty": "403.68200000",
		"time": 1665734402277,
		"isBuyerMaker": false,
		"isBestMatch": true
	},
	{
		"id": 53,
		"price": "0.03400000",
		"qty": "6059.00000000",
		"quoteQty": "206.00600000",
		"time": 1665734402319,
		"isBuyerMaker": false,
		"isBestMatch": true
	},
	{
		"id": 54,
		"price": "0.03400000",
		"qty": "8823.00000000",
		"quoteQty": "299.98200000",
		"time": 1665734402471,
		"isBuyerMaker": false,
		"isBestMatch": true
	},
	{
		"id": 55,
		"price": "0.03400000",
		"qty": "5715.00000000",
		"quoteQty": "194.31000000",
		"time": 1665734402528,
		"isBuyerMaker": false,
		"isBestMatch": true
	},
	{
		"id": 56,
		"price": "0.03400000",
		"qty": "510.00000000",
		"quoteQty": "17.34000000",
		"time": 1665734402712,
		"isBuyerMaker": false,
		"isBestMatch": true
	},
	{
		"id": 57,
		"price": "0.03400000",
		"qty": "2071.00000000",
		"quoteQty": "70.41400000",
		"time": 1665734402713,
		"isBuyerMaker": false,
		"isBestMatch": true
	},
	{
		"id": 58,
		"price": "0.03400000",
		"qty": "1075.00000000",
		"quoteQty": "36.55000000",
		"time": 1665734402806,
		"isBuyerMaker": false,
		"isBestMatch": true
	},
	{
		"id": 59,
		"price": "0.03400000",
		"qty": "3168.00000000",
		"quoteQty": "107.71200000",
		"time": 1665734402992,
		"isBuyerMaker": false,
		"isBestMatch": true
	},
	{
		"id": 60,
		"price": "0.03400000",
		"qty": "681.00000000",
		"quoteQty": "23.15400000",
		"time": 1665734402993,
		"isBuyerMaker": false,
		"isBestMatch": true
	},
	{
		"id": 61,
		"price": "0.03400000",
		"qty": "33685.00000000",
		"quoteQty": "1145.29000000",
		"time": 1665734403084,
		"isBuyerMaker": false,
		"isBestMatch": true
	},
	{
		"id": 62,
		"price": "0.03400000",
		"qty": "1592.00000000",
		"quoteQty": "54.12800000",
		"time": 1665734403243,
		"isBuyerMaker": false,
		"isBestMatch": true
	},
	{
		"id": 63,
		"price": "0.03400000",
		"qty": "7392.00000000",
		"quoteQty": "251.32800000",
		"time": 1665734403273,
		"isBuyerMaker": false,
		"isBestMatch": true
	},
	{
		"id": 64,
		"price": "0.03400000",
		"qty": "919.00000000",
		"quoteQty": "31.24600000",
		"time": 1665734403514,
		"isBuyerMaker": false,
		"isBestMatch": true
	},
	{
		"id": 65,
		"price": "0.03400000",
		"qty": "2941.00000000",
		"quoteQty": "99.99400000",
		"time": 1665734403546,
		"isBuyerMaker": false,
		"isBestMatch": true
	},
	{
		"id": 66,
		"price": "0.03400000",
		"qty": "8684.00000000",
		"quoteQty": "295.25600000",
		"time": 1665734403599,
		"isBuyerMaker": false,
		"isBestMatch": true
	},
	{
		"id": 67,
		"price": "0.03400000",
		"qty": "12392.00000000",
		"quoteQty": "421.32800000",
		"time": 1665734403627,
		"isBuyerMaker": false,
		"isBestMatch": true
	},
	{
		"id": 68,
		"price": "0.03400000",
		"qty": "22058.00000000",
		"quoteQty": "749.97200000",
		"time": 1665734403739,
		"isBuyerMaker": false,
		"isBestMatch": true
	},
	{
		"id": 69,
		"price": "0.03400000",
		"qty": "554.00000000",
		"quoteQty": "18.83600000",
		"time": 1665734403744,
		"isBuyerMaker": false,
		"isBestMatch": true
	},
	{
		"id": 70,
		"price": "0.03400000",
		"qty": "2194.00000000",
		"quoteQty": "74.59600000",
		"time": 1665734403784,
		"isBuyerMaker": false,
		"isBestMatch": true
	},
	{
		"id": 71,
		"price": "0.03400000",
		"qty": "15952.00000000",
		"quoteQty": "542.36800000",
		"time": 1665734403803,
		"isBuyerMaker": false,
		"isBestMatch": true
	},
	{
		"id": 72,
		"price": "0.03400000",
		"qty": "181185.00000000",
		"quoteQty": "6160.29000000",
		"time": 1665734403848,
		"isBuyerMaker": false,
		"isBestMatch": true
	},
	{
		"id": 73,
		"price": "0.03399000",
		"qty": "5015.00000000",
		"quoteQty": "170.45985000",
		"time": 1665734403969,
		"isBuyerMaker": true,
		"isBestMatch": true
	},
	{
		"id": 74,
		"price": "0.03400000",
		"qty": "1080.00000000",
		"quoteQty": "36.72000000",
		"time": 1665734404089,
		"isBuyerMaker": false,
		"isBestMatch": true
	},
	{
		"id": 75,
		"price": "0.03399000",
		"qty": "500.00000000",
		"quoteQty": "16.99500000",
		"time": 1665734404193,
		"isBuyerMaker": true,
		"isBestMatch": true
	},
	{
		"id": 76,
		"price": "0.03400000",
		"qty": "11764.00000000",
		"quoteQty": "399.97600000",
		"time": 1665734404246,
		"isBuyerMaker": false,
		"isBestMatch": true
	},
	{
		"id": 77,
		"price": "0.03400000",
		"qty": "2655.00000000",
		"quoteQty": "90.27000000",
		"time": 1665734404289,
		"isBuyerMaker": false,
		"isBestMatch": true
	},
	{
		"id": 78,
		"price": "0.03400000",
		"qty": "746.00000000",
		"quoteQty": "25.36400000",
		"time": 1665734404352,
		"isBuyerMaker": false,
		"isBestMatch": true
	},
	{
		"id": 79,
		"price": "0.03400000",
		"qty": "1811.00000000",
		"quoteQty": "61.57400000",
		"time": 1665734404527,
		"isBuyerMaker": false,
		"isBestMatch": true
	},
	{
		"id": 80,
		"price": "0.03400000",
		"qty": "17621.00000000",
		"quoteQty": "599.11400000",
		"time": 1665734404658,
		"isBuyerMaker": false,
		"isBestMatch": true
	},
	{
		"id": 81,
		"price": "0.03400000",
		"qty": "6391.00000000",
		"quoteQty": "217.29400000",
		"time": 1665734404658,
		"isBuyerMaker": false,
		"isBestMatch": true
	},
	{
		"id": 82,
		"price": "0.03400000",
		"qty": "17164.00000000",
		"quoteQty": "583.57600000",
		"time": 1665734404658,
		"isBuyerMaker": false,
		"isBestMatch": true
	},
	{
		"id": 83,
		"price": "0.03400000",
		"qty": "769.00000000",
		"quoteQty": "26.14600000",
		"time": 1665734404728,
		"isBuyerMaker": false,
		"isBestMatch": true
	},
	{
		"id": 84,
		"price": "0.03399000",
		"qty": "3027.00000000",
		"quoteQty": "102.88773000",
		"time": 1665734404926,
		"isBuyerMaker": true,
		"isBestMatch": true
	},
	{
		"id": 85,
		"price": "0.03400000",
		"qty": "5882.00000000",
		"quoteQty": "199.98800000",
		"time": 1665734404965,
		"isBuyerMaker": false,
		"isBestMatch": true
	},
	{
		"id": 86,
		"price": "0.03400000",
		"qty": "33706.00000000",
		"quoteQty": "1146.00400000",
		"time": 1665734405080,
		"isBuyerMaker": false,
		"isBestMatch": true
	},
	{
		"id": 87,
		"price": "0.03400000",
		"qty": "2451.00000000",
		"quoteQty": "83.33400000",
		"time": 1665734405092,
		"isBuyerMaker": false,
		"isBestMatch": true
	},
	{
		"id": 88,
		"price": "0.03399000",
		"qty": "2724.00000000",
		"quoteQty": "92.58876000",
		"time": 1665734405115,
		"isBuyerMaker": true,
		"isBestMatch": true
	},
	{
		"id": 89,
		"price": "0.03399000",
		"qty": "2932.00000000",
		"quoteQty": "99.65868000",
		"time": 1665734405128,
		"isBuyerMaker": true,
		"isBestMatch": true
	},
	{
		"id": 90,
		"price": "0.03400000",
		"qty": "2743.00000000",
		"quoteQty": "93.26200000",
		"time": 1665734405194,
		"isBuyerMaker": false,
		"isBestMatch": true
	},
	{
		"id": 91,
		"price": "0.03399000",
		"qty": "1592.00000000",
		"quoteQty": "54.11208000",
		"time": 1665734405233,
		"isBuyerMaker": true,
		"isBestMatch": true
	},
	{
		"id": 92,
		"price": "0.03399000",
		"qty": "18234.00000000",
		"quoteQty": "619.77366000",
		"time": 1665734405353,
		"isBuyerMaker": true,
		"isBestMatch": true
	},
	{
		"id": 93,
		"price": "0.03399000",
		"qty": "46258.00000000",
		"quoteQty": "1572.30942000",
		"time": 1665734405390,
		"isBuyerMaker": true,
		"isBestMatch": true
	},
	{
		"id": 94,
		"price": "0.03400000",
		"qty": "47927.00000000",
		"quoteQty": "1629.51800000",
		"time": 1665734405419,
		"isBuyerMaker": false,
		"isBestMatch": true
	},
	{
		"id": 95,
		"price": "0.03400000",
		"qty": "830.00000000",
		"quoteQty": "28.22000000",
		"time": 1665734405448,
		"isBuyerMaker": false,
		"isBestMatch": true
	},
	{
		"id": 96,
		"price": "0.03399000",
		"qty": "344.00000000",
		"quoteQty": "11.69256000",
		"time": 1665734405449,
		"isBuyerMaker": true,
		"isBestMatch": true
	},
	{
		"id": 97,
		"price": "0.03400000",
		"qty": "312.00000000",
		"quoteQty": "10.60800000",
		"time": 1665734405451,
		"isBuyerMaker": false,
		"isBestMatch": true
	},
	{
		"id": 98,
		"price": "0.03400000",
		"qty": "79231.00000000",
		"quoteQty": "2693.85400000",
		"time": 1665734405451,
		"isBuyerMaker": false,
		"isBestMatch": true
	},
	{
		"id": 99,
		"price": "0.03400000",
		"qty": "8388.00000000",
		"quoteQty": "285.19200000",
		"time": 1665734405465,
		"isBuyerMaker": false,
		"isBestMatch": true
	},
	{
		"id": 100,
		"price": "0.03399000",
		"qty": "49618.00000000",
		"quoteQty": "1686.51582000",
		"time": 1665734405465,
		"isBuyerMaker": true,
		"isBestMatch": true
	},
	{
		"id": 101,
		"price": "0.03399000",
		"qty": "12280.00000000",
		"quoteQty": "417.39720000",
		"time": 1665734405465,
		"isBuyerMaker": true,
		"isBestMatch": true
	},
	{
		"id": 102,
		"price": "0.03399000",
		"qty": "6725.00000000",
		"quoteQty": "228.58275000",
		"time": 1665734405465,
		"isBuyerMaker": true,
		"isBestMatch": true
	},
	{
		"id": 103,
		"price": "0.03392000",
		"qty": "8900.00000000",
		"quoteQty": "301.88800000",
		"time": 1665734405465,
		"isBuyerMaker": true,
		"isBestMatch": true
	},
	{
		"id": 104,
		"price": "0.03390000",
		"qty": "26473.00000000",
		"quoteQty": "897.43470000",
		"time": 1665734405465,
		"isBuyerMaker": true,
		"isBestMatch": true
	},
	{
		"id": 105,
		"price": "0.03350000",
		"qty": "14013.00000000",
		"quoteQty": "469.43550000",
		"time": 1665734405465,
		"isBuyerMaker": true,
		"isBestMatch": true
	},
	{
		"id": 106,
		"price": "0.03341000",
		"qty": "111823.00000000",
		"quoteQty": "3736.00643000",
		"time": 1665734405465,
		"isBuyerMaker": true,
		"isBestMatch": true
	},
	{
		"id": 107,
		"price": "0.03340000",
		"qty": "1563.00000000",
		"quoteQty": "52.20420000",
		"time": 1665734405465,
		"isBuyerMaker": true,
		"isBestMatch": true
	},
	{
		"id": 108,
		"price": "0.03339000",
		"qty": "20335.00000000",
		"quoteQty": "678.98565000",
		"time": 1665734405465,
		"isBuyerMaker": true,
		"isBestMatch": true
	},
	{
		"id": 109,
		"price": "0.03319000",
		"qty": "29828.00000000",
		"quoteQty": "989.99132000",
		"time": 1665734405465,
		"isBuyerMaker": true,
		"isBestMatch": true
	},
	{
		"id": 110,
		"price": "0.03307000",
		"qty": "9408.00000000",
		"quoteQty": "311.12256000",
		"time": 1665734405465,
		"isBuyerMaker": true,
		"isBestMatch": true
	},
	{
		"id": 111,
		"price": "0.03306000",
		"qty": "20538.00000000",
		"quoteQty": "678.98628000",
		"time": 1665734405465,
		"isBuyerMaker": true,
		"isBestMatch": true
	},
	{
		"id": 112,
		"price": "0.03302000",
		"qty": "4497.00000000",
		"quoteQty": "148.49094000",
		"time": 1665734405465,
		"isBuyerMaker": true,
		"isBestMatch": true
	},
	{
		"id": 113,
		"price": "0.03300000",
		"qty": "18016.00000000",
		"quoteQty": "594.52800000",
		"time": 1665734405465,
		"isBuyerMaker": true,
		"isBestMatch": true
	},
	{
		"id": 114,
		"price": "0.03299000",
		"qty": "6001.00000000",
		"quoteQty": "197.97299000",
		"time": 1665734405465,
		"isBuyerMaker": true,
		"isBestMatch": true
	},
	{
		"id": 115,
		"price": "0.03297000",
		"qty": "6005.00000000",
		"quoteQty": "197.98485000",
		"time": 1665734405465,
		"isBuyerMaker": true,
		"isBestMatch": true
	},
	{
		"id": 116,
		"price": "0.03274000",
		"qty": "1151.00000000",
		"quoteQty": "37.68374000",
		"time": 1665734405465,
		"isBuyerMaker": true,
		"isBestMatch": true
	},
	{
		"id": 117,
		"price": "0.03274000",
		"qty": "13744.00000000",
		"quoteQty": "449.97856000",
		"time": 1665734405465,
		"isBuyerMaker": true,
		"isBestMatch": true
	},
	{
		"id": 118,
		"price": "0.03273000",
		"qty": "20745.00000000",
		"quoteQty": "678.98385000",
		"time": 1665734405465,
		"isBuyerMaker": true,
		"isBestMatch": true
	},
	{
		"id": 119,
		"price": "0.03268000",
		"qty": "60587.00000000",
		"quoteQty": "1979.98316000",
		"time": 1665734405465,
		"isBuyerMaker": true,
		"isBestMatch": true
	},
	{
		"id": 120,
		"price": "0.03246000",
		"qty": "3049.00000000",
		"quoteQty": "98.97054000",
		"time": 1665734405465,
		"isBuyerMaker": true,
		"isBestMatch": true
	},
	{
		"id": 121,
		"price": "0.03246000",
		"qty": "24399.00000000",
		"quoteQty": "791.99154000",
		"time": 1665734405465,
		"isBuyerMaker": true,
		"isBestMatch": true
	},
	{
		"id": 122,
		"price": "0.03246000",
		"qty": "36598.00000000",
		"quoteQty": "1187.97108000",
		"time": 1665734405465,
		"isBuyerMaker": true,
		"isBestMatch": true
	},
	{
		"id": 123,
		"price": "0.03239000",
		"qty": "20963.00000000",
		"quoteQty": "678.99157000",
		"time": 1665734405465,
		"isBuyerMaker": true,
		"isBestMatch": true
	},
	{
		"id": 124,
		"price": "0.03231000",
		"qty": "7660.00000000",
		"quoteQty": "247.49460000",
		"time": 1665734405465,
		"isBuyerMaker": true,
		"isBestMatch": true
	},
	{
		"id": 125,
		"price": "0.03229000",
		"qty": "91978.00000000",
		"quoteQty": "2969.96962000",
		"time": 1665734405465,
		"isBuyerMaker": true,
		"isBestMatch": true
	},
	{
		"id": 126,
		"price": "0.03229000",
		"qty": "6131.00000000",
		"quoteQty": "197.96999000",
		"time": 1665734405465,
		"isBuyerMaker": true,
		"isBestMatch": true
	},
	{
		"id": 127,
		"price": "0.03229000",
		"qty": "91978.00000000",
		"quoteQty": "2969.96962000",
		"time": 1665734405465,
		"isBuyerMaker": true,
		"isBestMatch": true
	},
	{
		"id": 128,
		"price": "0.03229000",
		"qty": "15583.00000000",
		"quoteQty": "503.17507000",
		"time": 1665734405465,
		"isBuyerMaker": true,
		"isBestMatch": true
	},
	{
		"id": 129,
		"price": "0.03226000",
		"qty": "1534.00000000",
		"quoteQty": "49.48684000",
		"time": 1665734405465,
		"isBuyerMaker": true,
		"isBestMatch": true
	},
	{
		"id": 130,
		"price": "0.03226000",
		"qty": "310.00000000",
		"quoteQty": "10.00060000",
		"time": 1665734405465,
		"isBuyerMaker": true,
		"isBestMatch": true
	},
	{
		"id": 131,
		"price": "0.03226000",
		"qty": "310.00000000",
		"quoteQty": "10.00060000",
		"time": 1665734405465,
		"isBuyerMaker": true,
		"isBestMatch": true
	},
	{
		"id": 132,
		"price": "0.03226000",
		"qty": "310.00000000",
		"quoteQty": "10.00060000",
		"time": 1665734405465,
		"isBuyerMaker": true,
		"isBestMatch": true
	},
	{
		"id": 133,
		"price": "0.03226000",
		"qty": "310.00000000",
		"quoteQty": "10.00060000",
		"time": 1665734405465,
		"isBuyerMaker": true,
		"isBestMatch": true
	},
	{
		"id": 134,
		"price": "0.03226000",
		"qty": "310.00000000",
		"quoteQty": "10.00060000",
		"time": 1665734405465,
		"isBuyerMaker": true,
		"isBestMatch": true
	},
	{
		"id": 135,
		"price": "0.03226000",
		"qty": "310.00000000",
		"quoteQty": "10.00060000",
		"time": 1665734405465,
		"isBuyerMaker": true,
		"isBestMatch": true
	},
	{
		"id": 136,
		"price": "0.03226000",
		"qty": "310.00000000",
		"quoteQty": "10.00060000",
		"time": 1665734405465,
		"isBuyerMaker": true,
		"isBestMatch": true
	},
	{
		"id": 137,
		"price": "0.03226000",
		"qty": "310.00000000",
		"quoteQty": "10.00060000",
		"time": 1665734405465,
		"isBuyerMaker": true,
		"isBestMatch": true
	},
	{
		"id": 138,
		"price": "0.03226000",
		"qty": "310.00000000",
		"quoteQty": "10.00060000",
		"time": 1665734405465,
		"isBuyerMaker": true,
		"isBestMatch": true
	},
	{
		"id": 139,
		"price": "0.03226000",
		"qty": "304.00000000",
		"quoteQty": "9.80704000",
		"time": 1665734405465,
		"isBuyerMaker": true,
		"isBestMatch": true
	},
	{
		"id": 140,
		"price": "0.03209000",
		"qty": "6170.00000000",
		"quoteQty": "197.99530000",
		"time": 1665734405465,
		"isBuyerMaker": true,
		"isBestMatch": true
	},
	{
		"id": 141,
		"price": "0.03166000",
		"qty": "62539.00000000",
		"quoteQty": "1979.98474000",
		"time": 1665734405465,
		"isBuyerMaker": true,
		"isBestMatch": true
	},
	{
		"id": 142,
		"price": "0.03161000",
		"qty": "93957.00000000",
		"quoteQty": "2969.98077000",
		"time": 1665734405465,
		"isBuyerMaker": true,
		"isBestMatch": true
	},
	{
		"id": 143,
		"price": "0.03161000",
		"qty": "93957.00000000",
		"quoteQty": "2969.98077000",
		"time": 1665734405465,
		"isBuyerMaker": true,
		"isBestMatch": true
	},
	{
		"id": 144,
		"price": "0.03158000",
		"qty": "1567.00000000",
		"quoteQty": "49.48586000",
		"time": 1665734405465,
		"isBuyerMaker": true,
		"isBestMatch": true
	},
	{
		"id": 145,
		"price": "0.03158000",
		"qty": "317.00000000",
		"quoteQty": "10.01086000",
		"time": 1665734405465,
		"isBuyerMaker": true,
		"isBestMatch": true
	},
	{
		"id": 146,
		"price": "0.03158000",
		"qty": "317.00000000",
		"quoteQty": "10.01086000",
		"time": 1665734405465,
		"isBuyerMaker": true,
		"isBestMatch": true
	},
	{
		"id": 147,
		"price": "0.03158000",
		"qty": "317.00000000",
		"quoteQty": "10.01086000",
		"time": 1665734405465,
		"isBuyerMaker": true,
		"isBestMatch": true
	},
	{
		"id": 148,
		"price": "0.03158000",
		"qty": "317.00000000",
		"quoteQty": "10.01086000",
		"time": 1665734405465,
		"isBuyerMaker": true,
		"isBestMatch": true
	},
	{
		"id": 149,
		"price": "0.03158000",
		"qty": "317.00000000",
		"quoteQty": "10.01086000",
		"time": 1665734405465,
		"isBuyerMaker": true,
		"isBestMatch": true
	},
	{
		"id": 150,
		"price": "0.03158000",
		"qty": "317.00000000",
		"quoteQty": "10.01086000",
		"time": 1665734405465,
		"isBuyerMaker": true,
		"isBestMatch": true
	},
	{
		"id": 151,
		"price": "0.03158000",
		"qty": "317.00000000",
		"quoteQty": "10.01086000",
		"time": 1665734405465,
		"isBuyerMaker": true,
		"isBestMatch": true
	},
	{
		"id": 152,
		"price": "0.03158000",
		"qty": "317.00000000",
		"quoteQty": "10.01086000",
		"time": 1665734405465,
		"isBuyerMaker": true,
		"isBestMatch": true
	},
	{
		"id": 153,
		"price": "0.03158000",
		"qty": "317.00000000",
		"quoteQty": "10.01086000",
		"time": 1665734405465,
		"isBuyerMaker": true,
		"isBestMatch": true
	},
	{
		"id": 154,
		"price": "0.03158000",
		"qty": "308.00000000",
		"quoteQty": "9.72664000",
		"time": 1665734405465,
		"isBuyerMaker": true,
		"isBestMatch": true
	},
	{
		"id": 155,
		"price": "0.03144000",
		"qty": "38101.00000000",
		"quoteQty": "1197.89544000",
		"time": 1665734405465,
		"isBuyerMaker": true,
		"isBestMatch": true
	},
	{
		"id": 156,
		"price": "0.03088000",
		"qty": "27833.00000000",
		"quoteQty": "859.48304000",
		"time": 1665734405465,
		"isBuyerMaker": true,
		"isBestMatch": true
	},
	{
		"id": 157,
		"price": "0.03076000",
		"qty": "3245.00000000",
		"quoteQty": "99.81620000",
		"time": 1665734405465,
		"isBuyerMaker": true,
		"isBestMatch": true
	},
	{
		"id": 158,
		"price": "0.03068000",
		"qty": "14551.00000000",
		"quoteQty": "446.42468000",
		"time": 1665734405465,
		"isBuyerMaker": true,
		"isBestMatch": true
	},
	{
		"id": 159,
		"price": "0.03059000",
		"qty": "97090.00000000",
		"quoteQty": "2969.98310000",
		"time": 1665734405465,
		"isBuyerMaker": true,
		"isBestMatch": true
	},
	{
		"id": 160,
		"price": "0.03059000",
		"qty": "68042.00000000",
		"quoteQty": "2081.40478000",
		"time": 1665734405465,
		"isBuyerMaker": true,
		"isBestMatch": true
	},
	{
		"id": 161,
		"price": "0.03351000",
		"qty": "47703.00000000",
		"quoteQty": "1598.52753000",
		"time": 1665734405483,
		"isBuyerMaker": true,
		"isBestMatch": true
	},
	{
		"id": 162,
		"price": "0.03224000",
		"qty": "3457.00000000",
		"quoteQty": "111.45368000",
		"time": 1665734405500,
		"isBuyerMaker": false,
		"isBestMatch": true
	},
	{
		"id": 163,
		"price": "0.03224000",
		"qty": "4908.00000000",
		"quoteQty": "158.23392000",
		"time": 1665734405501,
		"isBuyerMaker": false,
		"isBestMatch": true
	},
	{
		"id": 164,
		"price": "0.03224000",
		"qty": "7218.00000000",
		"quoteQty": "232.70832000",
		"time": 1665734405504,
		"isBuyerMaker": false,
		"isBestMatch": true
	},
	{
		"id": 165,
		"price": "0.03224000",
		"qty": "4908.00000000",
		"quoteQty": "158.23392000",
		"time": 1665734405508,
		"isBuyerMaker": false,
		"isBestMatch": true
	},
	{
		"id": 166,
		"price": "0.03224000",
		"qty": "4908.00000000",
		"quoteQty": "158.23392000",
		"time": 1665734405509,
		"isBuyerMaker": false,
		"isBestMatch": true
	},
	{
		"id": 167,
		"price": "0.03224000",
		"qty": "4331.00000000",
		"quoteQty": "139.63144000",
		"time": 1665734405511,
		"isBuyerMaker": false,
		"isBestMatch": true
	},
	{
		"id": 168,
		"price": "0.03224000",
		"qty": "7421.00000000",
		"quoteQty": "239.25304000",
		"time": 1665734405520,
		"isBuyerMaker": false,
		"isBestMatch": true
	},
	{
		"id": 169,
		"price": "0.03224000",
		"qty": "8731.00000000",
		"quoteQty": "281.48744000",
		"time": 1665734405521,
		"isBuyerMaker": false,
		"isBestMatch": true
	},
	{
		"id": 170,
		"price": "0.03224000",
		"qty": "372.00000000",
		"quoteQty": "11.99328000",
		"time": 1665734405521,
		"isBuyerMaker": false,
		"isBestMatch": true
	},
	{
		"id": 171,
		"price": "0.03224000",
		"qty": "6176.00000000",
		"quoteQty": "199.11424000",
		"time": 1665734405521,
		"isBuyerMaker": false,
		"isBestMatch": true
	},
	{
		"id": 172,
		"price": "0.03224000",
		"qty": "7421.00000000",
		"quoteQty": "239.25304000",
		"time": 1665734405521,
		"isBuyerMaker": false,
		"isBestMatch": true
	},
	{
		"id": 173,
		"price": "0.03224000",
		"qty": "78947.00000000",
		"quoteQty": "2545.25128000",
		"time": 1665734405533,
		"isBuyerMaker": false,
		"isBestMatch": true
	},
	{
		"id": 174,
		"price": "0.03151000",
		"qty": "3383.00000000",
		"quoteQty": "106.59833000",
		"time": 1665734405543,
		"isBuyerMaker": false,
		"isBestMatch": true
	},
	{
		"id": 175,
		"price": "0.03151000",
		"qty": "2738.00000000",
		"quoteQty": "86.27438000",
		"time": 1665734405546,
		"isBuyerMaker": false,
		"isBestMatch": true
	},
	{
		"id": 176,
		"price": "0.03151000",
		"qty": "4842.00000000",
		"quoteQty": "152.57142000",
		"time": 1665734405548,
		"isBuyerMaker": false,
		"isBestMatch": true
	},
	{
		"id": 177,
		"price": "0.03151000",
		"qty": "804.00000000",
		"quoteQty": "25.33404000",
		"time": 1665734405558,
		"isBuyerMaker": false,
		"isBestMatch": true
	},
	{
		"id": 178,
		"price": "0.03151000",
		"qty": "11190.00000000",
		"quoteQty": "352.59690000",
		"time": 1665734405563,
		"isBuyerMaker": false,
		"isBestMatch": true
	},
	{
		"id": 179,
		"price": "0.03151000",
		"qty": "12682.00000000",
		"quoteQty": "399.60982000",
		"time": 1665734405565,
		"isBuyerMaker": false,
		"isBestMatch": true
	},
	{
		"id": 180,
		"price": "0.03151000",
		"qty": "7460.00000000",
		"quoteQty": "235.06460000",
		"time": 1665734405565,
		"isBuyerMaker": false,
		"isBestMatch": true
	},
	{
		"id": 181,
		"price": "0.03151000",
		"qty": "9325.00000000",
		"quoteQty": "293.83075000",
		"time": 1665734405565,
		"isBuyerMaker": false,
		"isBestMatch": true
	},
	{
		"id": 182,
		"price": "0.03151000",
		"qty": "18650.00000000",
		"quoteQty": "587.66150000",
		"time": 1665734405565,
		"isBuyerMaker": false,
		"isBestMatch": true
	},
	{
		"id": 183,
		"price": "0.03151000",
		"qty": "10700.00000000",
		"quoteQty": "337.15700000",
		"time": 1665734405579,
		"isBuyerMaker": false,
		"isBestMatch": true
	},
	{
		"id": 184,
		"price": "0.03151000",
		"qty": "7038.00000000",
		"quoteQty": "221.76738000",
		"time": 1665734405581,
		"isBuyerMaker": false,
		"isBestMatch": true
	},
	{
		"id": 185,
		"price": "0.03151000",
		"qty": "4550.00000000",
		"quoteQty": "143.37050000",
		"time": 1665734405588,
		"isBuyerMaker": false,
		"isBestMatch": true
	},
	{
		"id": 186,
		"price": "0.03151000",
		"qty": "3728.00000000",
		"quoteQty": "117.46928000",
		"time": 1665734405593,
		"isBuyerMaker": false,
		"isBestMatch": true
	},
	{
		"id": 187,
		"price": "0.03151000",
		"qty": "210.00000000",
		"quoteQty": "6.61710000",
		"time": 1665734405593,
		"isBuyerMaker": false,
		"isBestMatch": true
	},
	{
		"id": 188,
		"price": "0.03151000",
		"qty": "15487.00000000",
		"quoteQty": "487.99537000",
		"time": 1665734405597,
		"isBuyerMaker": false,
		"isBestMatch": true
	},
	{
		"id": 189,
		"price": "0.03151000",
		"qty": "3163.00000000",
		"quoteQty": "99.66613000",
		"time": 1665734405597,
		"isBuyerMaker": false,
		"isBestMatch": true
	},
	{
		"id": 190,
		"price": "0.03151000",
		"qty": "16147.00000000",
		"quoteQty": "508.79197000",
		"time": 1665734405599,
		"isBuyerMaker": false,
		"isBestMatch": true
	},
	{
		"id": 191,
		"price": "0.03151000",
		"qty": "10471.00000000",
		"quoteQty": "329.94121000",
		"time": 1665734405612,
		"isBuyerMaker": false,
		"isBestMatch": true
	},
	{
		"id": 192,
		"price": "0.03151000",
		"qty": "8726.00000000",
		"quoteQty": "274.95626000",
		"time": 1665734405613,
		"isBuyerMaker": false,
		"isBestMatch": true
	},
	{
		"id": 193,
		"price": "0.03151000",
		"qty": "9276.00000000",
		"quoteQty": "292.28676000",
		"time": 1665734405614,
		"isBuyerMaker": false,
		"isBestMatch": true
	},
	{
		"id": 194,
		"price": "0.03151000",
		"qty": "4562.00000000",
		"quoteQty": "143.74862000",
		"time": 1665734405616,
		"isBuyerMaker": false,
		"isBestMatch": true
	},
	{
		"id": 195,
		"price": "0.03223000",
		"qty": "1563.00000000",
		"quoteQty": "50.37549000",
		"time": 1665734405636,
		"isBuyerMaker": false,
		"isBestMatch": true
	},
	{
		"id": 196,
		"price": "0.03223000",
		"qty": "12471.00000000",
		"quoteQty": "401.94033000",
		"time": 1665734405636,
		"isBuyerMaker": false,
		"isBestMatch": true
	},
	{
		"id": 197,
		"price": "0.03224000",
		"qty": "1413.00000000",
		"quoteQty": "45.55512000",
		"time": 1665734405636,
		"isBuyerMaker": false,
		"isBestMatch": true
	},
	{
		"id": 198,
		"price": "0.03222000",
		"qty": "13744.00000000",
		"quoteQty": "442.83168000",
		"time": 1665734405658,
		"isBuyerMaker": false,
		"isBestMatch": true
	},
	{
		"id": 199,
		"price": "0.03236000",
		"qty": "5448.00000000",
		"quoteQty": "176.29728000",
		"time": 1665734405677,
		"isBuyerMaker": false,
		"isBestMatch": true
	},
	{
		"id": 200,
		"price": "0.03235000",
		"qty": "1151.00000000",
		"quoteQty": "37.23485000",
		"time": 1665734405741,
		"isBuyerMaker": false,
		"isBestMatch": true
	},
	{
		"id": 201,
		"price": "0.03236000",
		"qty": "10135.00000000",
		"quoteQty": "327.96860000",
		"time": 1665734405741,
		"isBuyerMaker": false,
		"isBestMatch": true
	},
	{
		"id": 202,
		"price": "0.03251000",
		"qty": "7296.00000000",
		"quoteQty": "237.19296000",
		"time": 1665734405759,
		"isBuyerMaker": false,
		"isBestMatch": true
	},
	{
		"id": 203,
		"price": "0.03251000",
		"qty": "7296.00000000",
		"quoteQty": "237.19296000",
		"time": 1665734405760,
		"isBuyerMaker": false,
		"isBestMatch": true
	},
	{
		"id": 204,
		"price": "0.03251000",
		"qty": "6371.00000000",
		"quoteQty": "207.12121000",
		"time": 1665734405760,
		"isBuyerMaker": false,
		"isBestMatch": true
	},
	{
		"id": 205,
		"price": "0.03253000",
		"qty": "314.00000000",
		"quoteQty": "10.21442000",
		"time": 1665734405763,
		"isBuyerMaker": false,
		"isBestMatch": true
	},
	{
		"id": 206,
		"price": "0.03253000",
		"qty": "317.00000000",
		"quoteQty": "10.31201000",
		"time": 1665734405763,
		"isBuyerMaker": false,
		"isBestMatch": true
	},
	{
		"id": 207,
		"price": "0.03253000",
		"qty": "314.00000000",
		"quoteQty": "10.21442000",
		"time": 1665734405763,
		"isBuyerMaker": false,
		"isBestMatch": true
	},
	{
		"id": 208,
		"price": "0.03253000",
		"qty": "317.00000000",
		"quoteQty": "10.31201000",
		"time": 1665734405763,
		"isBuyerMaker": false,
		"isBestMatch": true
	},
	{
		"id": 209,
		"price": "0.03253000",
		"qty": "314.00000000",
		"quoteQty": "10.21442000",
		"time": 1665734405763,
		"isBuyerMaker": false,
		"isBestMatch": true
	},
	{
		"id": 210,
		"price": "0.03253000",
		"qty": "317.00000000",
		"quoteQty": "10.31201000",
		"time": 1665734405763,
		"isBuyerMaker": false,
		"isBestMatch": true
	},
	{
		"id": 211,
		"price": "0.03253000",
		"qty": "314.00000000",
		"quoteQty": "10.21442000",
		"time": 1665734405763,
		"isBuyerMaker": false,
		"isBestMatch": true
	},
	{
		"id": 212,
		"price": "0.03253000",
		"qty": "317.00000000",
		"quoteQty": "10.31201000",
		"time": 1665734405763,
		"isBuyerMaker": false,
		"isBestMatch": true
	},
	{
		"id": 213,
		"price": "0.03253000",
		"qty": "311.00000000",
		"quoteQty": "10.11683000",
		"time": 1665734405763,
		"isBuyerMaker": false,
		"isBestMatch": true
	},
	{
		"id": 214,
		"price": "0.03253000",
		"qty": "317.00000000",
		"quoteQty": "10.31201000",
		"time": 1665734405763,
		"isBuyerMaker": false,
		"isBestMatch": true
	},
	{
		"id": 215,
		"price": "0.03253000",
		"qty": "317.00000000",
		"quoteQty": "10.31201000",
		"time": 1665734405763,
		"isBuyerMaker": false,
		"isBestMatch": true
	},
	{
		"id": 216,
		"price": "0.03253000",
		"qty": "317.00000000",
		"quoteQty": "10.31201000",
		"time": 1665734405763,
		"isBuyerMaker": false,
		"isBestMatch": true
	},
	{
		"id": 217,
		"price": "0.03253000",
		"qty": "317.00000000",
		"quoteQty": "10.31201000",
		"time": 1665734405763,
		"isBuyerMaker": false,
		"isBestMatch": true
	},
	{
		"id": 218,
		"price": "0.03253000",
		"qty": "317.00000000",
		"quoteQty": "10.31201000",
		"time": 1665734405763,
		"isBuyerMaker": false,
		"isBestMatch": true
	},
	{
		"id": 219,
		"price": "0.03253000",
		"qty": "308.00000000",
		"quoteQty": "10.01924000",
		"time": 1665734405763,
		"isBuyerMaker": false,
		"isBestMatch": true
	},
	{
		"id": 220,
		"price": "0.03261000",
		"qty": "54219.00000000",
		"quoteQty": "1768.08159000",
		"time": 1665734405763,
		"isBuyerMaker": false,
		"isBestMatch": true
	},
	{
		"id": 221,
		"price": "0.03261000",
		"qty": "1487.00000000",
		"quoteQty": "48.49107000",
		"time": 1665734405790,
		"isBuyerMaker": false,
		"isBestMatch": true
	},
	{
		"id": 222,
		"price": "0.03261000",
		"qty": "17349.00000000",
		"quoteQty": "565.75089000",
		"time": 1665734405807,
		"isBuyerMaker": false,
		"isBestMatch": true
	},
	{
		"id": 223,
		"price": "0.03261000",
		"qty": "10205.00000000",
		"quoteQty": "332.78505000",
		"time": 1665734405809,
		"isBuyerMaker": false,
		"isBestMatch": true
	},
	{
		"id": 224,
		"price": "0.03261000",
		"qty": "8718.00000000",
		"quoteQty": "284.29398000",
		"time": 1665734405810,
		"isBuyerMaker": false,
		"isBestMatch": true
	},
	{
		"id": 225,
		"price": "0.03261000",
		"qty": "8631.00000000",
		"quoteQty": "281.45691000",
		"time": 1665734405810,
		"isBuyerMaker": false,
		"isBestMatch": true
	},
	{
		"id": 226,
		"price": "0.03261000",
		"qty": "15308.00000000",
		"quoteQty": "499.19388000",
		"time": 1665734405811,
		"isBuyerMaker": false,
		"isBestMatch": true
	},
	{
		"id": 227,
		"price": "0.03261000",
		"qty": "15308.00000000",
		"quoteQty": "499.19388000",
		"time": 1665734405812,
		"isBuyerMaker": false,
		"isBestMatch": true
	},
	{
		"id": 228,
		"price": "0.03261000",
		"qty": "14114.00000000",
		"quoteQty": "460.25754000",
		"time": 1665734405818,
		"isBuyerMaker": false,
		"isBestMatch": true
	},
	{
		"id": 229,
		"price": "0.03261000",
		"qty": "13911.00000000",
		"quoteQty": "453.63771000",
		"time": 1665734405984,
		"isBuyerMaker": false,
		"isBestMatch": true
	},
	{
		"id": 230,
		"price": "0.03261000",
		"qty": "24706.00000000",
		"quoteQty": "805.66266000",
		"time": 1665734405995,
		"isBuyerMaker": false,
		"isBestMatch": true
	},
	{
		"id": 231,
		"price": "0.03285000",
		"qty": "20745.00000000",
		"quoteQty": "681.47325000",
		"time": 1665734405995,
		"isBuyerMaker": false,
		"isBestMatch": true
	},
	{
		"id": 232,
		"price": "0.03291000",
		"qty": "307.00000000",
		"quoteQty": "10.10337000",
		"time": 1665734405995,
		"isBuyerMaker": false,
		"isBestMatch": true
	},
	{
		"id": 233,
		"price": "0.03291000",
		"qty": "83.00000000",
		"quoteQty": "2.73153000",
		"time": 1665734405995,
		"isBuyerMaker": false,
		"isBestMatch": true
	},
	{
		"id": 234,
		"price": "0.03291000",
		"qty": "227.00000000",
		"quoteQty": "7.47057000",
		"time": 1665734406005,
		"isBuyerMaker": false,
		"isBestMatch": true
	},
	{
		"id": 235,
		"price": "0.03291000",
		"qty": "307.00000000",
		"quoteQty": "10.10337000",
		"time": 1665734406005,
		"isBuyerMaker": false,
		"isBestMatch": true
	},
	{
		"id": 236,
		"price": "0.03291000",
		"qty": "310.00000000",
		"quoteQty": "10.20210000",
		"time": 1665734406005,
		"isBuyerMaker": false,
		"isBestMatch": true
	},
	{
		"id": 237,
		"price": "0.03291000",
		"qty": "307.00000000",
		"quoteQty": "10.10337000",
		"time": 1665734406005,
		"isBuyerMaker": false,
		"isBestMatch": true
	},
	{
		"id": 238,
		"price": "0.03291000",
		"qty": "310.00000000",
		"quoteQty": "10.20210000",
		"time": 1665734406005,
		"isBuyerMaker": false,
		"isBestMatch": true
	},
	{
		"id": 239,
		"price": "0.03291000",
		"qty": "307.00000000",
		"quoteQty": "10.10337000",
		"time": 1665734406005,
		"isBuyerMaker": false,
		"isBestMatch": true
	},
	{
		"id": 240,
		"price": "0.03291000",
		"qty": "310.00000000",
		"quoteQty": "10.20210000",
		"time": 1665734406005,
		"isBuyerMaker": false,
		"isBestMatch": true
	},
	{
		"id": 241,
		"price": "0.03291000",
		"qty": "306.00000000",
		"quoteQty": "10.07046000",
		"time": 1665734406005,
		"isBuyerMaker": false,
		"isBestMatch": true
	},
	{
		"id": 242,
		"price": "0.03291000",
		"qty": "310.00000000",
		"quoteQty": "10.20210000",
		"time": 1665734406005,
		"isBuyerMaker": false,
		"isBestMatch": true
	},
	{
		"id": 243,
		"price": "0.03291000",
		"qty": "310.00000000",
		"quoteQty": "10.20210000",
		"time": 1665734406005,
		"isBuyerMaker": false,
		"isBestMatch": true
	},
	{
		"id": 244,
		"price": "0.03291000",
		"qty": "310.00000000",
		"quoteQty": "10.20210000",
		"time": 1665734406005,
		"isBuyerMaker": false,
		"isBestMatch": true
	},
	{
		"id": 245,
		"price": "0.03291000",
		"qty": "310.00000000",
		"quoteQty": "10.20210000",
		"time": 1665734406005,
		"isBuyerMaker": false,
		"isBestMatch": true
	},
	{
		"id": 246,
		"price": "0.03291000",
		"qty": "310.00000000",
		"quoteQty": "10.20210000",
		"time": 1665734406005,
		"isBuyerMaker": false,
		"isBestMatch": true
	},
	{
		"id": 247,
		"price": "0.03291000",
		"qty": "304.00000000",
		"quoteQty": "10.00464000",
		"time": 1665734406005,
		"isBuyerMaker": false,
		"isBestMatch": true
	},
	{
		"id": 248,
		"price": "0.03301000",
		"qty": "3811.00000000",
		"quoteQty": "125.80111000",
		"time": 1665734406005,
		"isBuyerMaker": false,
		"isBestMatch": true
	},
	{
		"id": 249,
		"price": "0.03301000",
		"qty": "3811.00000000",
		"quoteQty": "125.80111000",
		"time": 1665734406005,
		"isBuyerMaker": false,
		"isBestMatch": true
	},
	{
		"id": 250,
		"price": "0.03301000",
		"qty": "3811.00000000",
		"quoteQty": "125.80111000",
		"time": 1665734406005,
		"isBuyerMaker": false,
		"isBestMatch": true
	},
	{
		"id": 251,
		"price": "0.03301000",
		"qty": "3811.00000000",
		"quoteQty": "125.80111000",
		"time": 1665734406005,
		"isBuyerMaker": false,
		"isBestMatch": true
	},
	{
		"id": 252,
		"price": "0.03301000",
		"qty": "3811.00000000",
		"quoteQty": "125.80111000",
		"time": 1665734406005,
		"isBuyerMaker": false,
		"isBestMatch": true
	},
	{
		"id": 253,
		"price": "0.03301000",
		"qty": "3811.00000000",
		"quoteQty": "125.80111000",
		"time": 1665734406005,
		"isBuyerMaker": false,
		"isBestMatch": true
	},
	{
		"id": 254,
		"price": "0.03301000",
		"qty": "3811.00000000",
		"quoteQty": "125.80111000",
		"time": 1665734406005,
		"isBuyerMaker": false,
		"isBestMatch": true
	},
	{
		"id": 255,
		"price": "0.03301000",
		"qty": "3811.00000000",
		"quoteQty": "125.80111000",
		"time": 1665734406005,
		"isBuyerMaker": false,
		"isBestMatch": true
	},
	{
		"id": 256,
		"price": "0.03301000",
		"qty": "3811.00000000",
		"quoteQty": "125.80111000",
		"time": 1665734406005,
		"isBuyerMaker": false,
		"isBestMatch": true
	},
	{
		"id": 257,
		"price": "0.03301000",
		"qty": "3802.00000000",
		"quoteQty": "125.50402000",
		"time": 1665734406005,
		"isBuyerMaker": false,
		"isBestMatch": true
	},
	{
		"id": 258,
		"price": "0.03318000",
		"qty": "20538.00000000",
		"quoteQty": "681.45084000",
		"time": 1665734406005,
		"isBuyerMaker": false,
		"isBestMatch": true
	},
	{
		"id": 259,
		"price": "0.03322000",
		"qty": "325.00000000",
		"quoteQty": "10.79650000",
		"time": 1665734406005,
		"isBuyerMaker": false,
		"isBestMatch": true
	},
	{
		"id": 260,
		"price": "0.03322000",
		"qty": "325.00000000",
		"quoteQty": "10.79650000",
		"time": 1665734406005,
		"isBuyerMaker": false,
		"isBestMatch": true
	},
	{
		"id": 261,
		"price": "0.03322000",
		"qty": "325.00000000",
		"quoteQty": "10.79650000",
		"time": 1665734406005,
		"isBuyerMaker": false,
		"isBestMatch": true
	},
	{
		"id": 262,
		"price": "0.03322000",
		"qty": "325.00000000",
		"quoteQty": "10.79650000",
		"time": 1665734406005,
		"isBuyerMaker": false,
		"isBestMatch": true
	},
	{
		"id": 263,
		"price": "0.03322000",
		"qty": "325.00000000",
		"quoteQty": "10.79650000",
		"time": 1665734406005,
		"isBuyerMaker": false,
		"isBestMatch": true
	},
	{
		"id": 264,
		"price": "0.03322000",
		"qty": "325.00000000",
		"quoteQty": "10.79650000",
		"time": 1665734406005,
		"isBuyerMaker": false,
		"isBestMatch": true
	},
	{
		"id": 265,
		"price": "0.03322000",
		"qty": "325.00000000",
		"quoteQty": "10.79650000",
		"time": 1665734406005,
		"isBuyerMaker": false,
		"isBestMatch": true
	},
	{
		"id": 266,
		"price": "0.03322000",
		"qty": "193.00000000",
		"quoteQty": "6.41146000",
		"time": 1665734406005,
		"isBuyerMaker": false,
		"isBestMatch": true
	},
	{
		"id": 267,
		"price": "0.03322000",
		"qty": "132.00000000",
		"quoteQty": "4.38504000",
		"time": 1665734406160,
		"isBuyerMaker": false,
		"isBestMatch": true
	},
	{
		"id": 268,
		"price": "0.03322000",
		"qty": "297.00000000",
		"quoteQty": "9.86634000",
		"time": 1665734406160,
		"isBuyerMaker": false,
		"isBestMatch": true
	},
	{
		"id": 269,
		"price": "0.03319000",
		"qty": "348.00000000",
		"quoteQty": "11.55012000",
		"time": 1665734406264,
		"isBuyerMaker": false,
		"isBestMatch": true
	},
	{
		"id": 270,
		"price": "0.03324000",
		"qty": "6254.00000000",
		"quoteQty": "207.88296000",
		"time": 1665734406264,
		"isBuyerMaker": false,
		"isBestMatch": true
	},
	{
		"id": 271,
		"price": "0.03324000",
		"qty": "6254.00000000",
		"quoteQty": "207.88296000",
		"time": 1665734406264,
		"isBuyerMaker": false,
		"isBestMatch": true
	},
	{
		"id": 272,
		"price": "0.03324000",
		"qty": "6254.00000000",
		"quoteQty": "207.88296000",
		"time": 1665734406264,
		"isBuyerMaker": false,
		"isBestMatch": true
	},
	{
		"id": 273,
		"price": "0.03324000",
		"qty": "3396.00000000",
		"quoteQty": "112.88304000",
		"time": 1665734406264,
		"isBuyerMaker": false,
		"isBestMatch": true
	},
	{
		"id": 274,
		"price": "0.03284000",
		"qty": "29828.00000000",
		"quoteQty": "979.55152000",
		"time": 1665734406280,
		"isBuyerMaker": true,
		"isBestMatch": true
	},
	{
		"id": 275,
		"price": "0.03284000",
		"qty": "7660.00000000",
		"quoteQty": "251.55440000",
		"time": 1665734406293,
		"isBuyerMaker": true,
		"isBestMatch": true
	},
	{
		"id": 276,
		"price": "0.03351000",
		"qty": "5880.00000000",
		"quoteQty": "197.03880000",
		"time": 1665734406300,
		"isBuyerMaker": false,
		"isBestMatch": true
	},
	{
		"id": 277,
		"price": "0.03284000",
		"qty": "40381.00000000",
		"quoteQty": "1326.11204000",
		"time": 1665734406309,
		"isBuyerMaker": true,
		"isBestMatch": true
	},
	{
		"id": 278,
		"price": "0.03284000",
		"qty": "60587.00000000",
		"quoteQty": "1989.67708000",
		"time": 1665734406329,
		"isBuyerMaker": true,
		"isBestMatch": true
	},
	{
		"id": 279,
		"price": "0.03285000",
		"qty": "14455.00000000",
		"quoteQty": "474.84675000",
		"time": 1665734406400,
		"isBuyerMaker": true,
		"isBestMatch": true
	},
	{
		"id": 280,
		"price": "0.03319000",
		"qty": "450.00000000",
		"quoteQty": "14.93550000",
		"time": 1665734406542,
		"isBuyerMaker": false,
		"isBestMatch": true
	},
	{
		"id": 281,
		"price": "0.03319000",
		"qty": "450.00000000",
		"quoteQty": "14.93550000",
		"time": 1665734406542,
		"isBuyerMaker": false,
		"isBestMatch": true
	},
	{
		"id": 282,
		"price": "0.03319000",
		"qty": "450.00000000",
		"quoteQty": "14.93550000",
		"time": 1665734406542,
		"isBuyerMaker": false,
		"isBestMatch": true
	},
	{
		"id": 283,
		"price": "0.03319000",
		"qty": "450.00000000",
		"quoteQty": "14.93550000",
		"time": 1665734406542,
		"isBuyerMaker": false,
		"isBestMatch": true
	},
	{
		"id": 284,
		"price": "0.03319000",
		"qty": "450.00000000",
		"quoteQty": "14.93550000",
		"time": 1665734406542,
		"isBuyerMaker": false,
		"isBestMatch": true
	},
	{
		"id": 285,
		"price": "0.03319000",
		"qty": "450.00000000",
		"quoteQty": "14.93550000",
		"time": 1665734406542,
		"isBuyerMaker": false,
		"isBestMatch": true
	},
	{
		"id": 286,
		"price": "0.03319000",
		"qty": "450.00000000",
		"quoteQty": "14.93550000",
		"time": 1665734406542,
		"isBuyerMaker": false,
		"isBestMatch": true
	},
	{
		"id": 287,
		"price": "0.03319000",
		"qty": "450.00000000",
		"quoteQty": "14.93550000",
		"time": 1665734406542,
		"isBuyerMaker": false,
		"isBestMatch": true
	},
	{
		"id": 288,
		"price": "0.03319000",
		"qty": "450.00000000",
		"quoteQty": "14.93550000",
		"time": 1665734406542,
		"isBuyerMaker": false,
		"isBestMatch": true
	},
	{
		"id": 289,
		"price": "0.03319000",
		"qty": "447.00000000",
		"quoteQty": "14.83593000",
		"time": 1665734406542,
		"isBuyerMaker": false,
		"isBestMatch": true
	},
	{
		"id": 290,
		"price": "0.03325000",
		"qty": "2440.00000000",
		"quoteQty": "81.13000000",
		"time": 1665734406542,
		"isBuyerMaker": false,
		"isBestMatch": true
	},
	{
		"id": 291,
		"price": "0.03325000",
		"qty": "3660.00000000",
		"quoteQty": "121.69500000",
		"time": 1665734406542,
		"isBuyerMaker": false,
		"isBestMatch": true
	},
	{
		"id": 292,
		"price": "0.03325000",
		"qty": "2440.00000000",
		"quoteQty": "81.13000000",
		"time": 1665734406542,
		"isBuyerMaker": false,
		"isBestMatch": true
	},
	{
		"id": 293,
		"price": "0.03325000",
		"qty": "805.00000000",
		"quoteQty": "26.76625000",
		"time": 1665734406542,
		"isBuyerMaker": false,
		"isBestMatch": true
	},
	{
		"id": 294,
		"price": "0.03325000",
		"qty": "2855.00000000",
		"quoteQty": "94.92875000",
		"time": 1665734406728,
		"isBuyerMaker": false,
		"isBestMatch": true
	},
	{
		"id": 295,
		"price": "0.03325000",
		"qty": "2440.00000000",
		"quoteQty": "81.13000000",
		"time": 1665734406728,
		"isBuyerMaker": false,
		"isBestMatch": true
	},
	{
		"id": 296,
		"price": "0.03325000",
		"qty": "3660.00000000",
		"quoteQty": "121.69500000",
		"time": 1665734406728,
		"isBuyerMaker": false,
		"isBestMatch": true
	},
	{
		"id": 297,
		"price": "0.03325000",
		"qty": "2440.00000000",
		"quoteQty": "81.13000000",
		"time": 1665734406728,
		"isBuyerMaker": false,
		"isBestMatch": true
	},
	{
		"id": 298,
		"price": "0.03325000",
		"qty": "3660.00000000",
		"quoteQty": "121.69500000",
		"time": 1665734406728,
		"isBuyerMaker": false,
		"isBestMatch": true
	},
	{
		"id": 299,
		"price": "0.03325000",
		"qty": "2440.00000000",
		"quoteQty": "81.13000000",
		"time": 1665734406728,
		"isBuyerMaker": false,
		"isBestMatch": true
	},
	{
		"id": 300,
		"price": "0.03325000",
		"qty": "3660.00000000",
		"quoteQty": "121.69500000",
		"time": 1665734406728,
		"isBuyerMaker": false,
		"isBestMatch": true
	},
	{
		"id": 301,
		"price": "0.03325000",
		"qty": "2440.00000000",
		"quoteQty": "81.13000000",
		"time": 1665734406728,
		"isBuyerMaker": false,
		"isBestMatch": true
	},
	{
		"id": 302,
		"price": "0.03325000",
		"qty": "3660.00000000",
		"quoteQty": "121.69500000",
		"time": 1665734406728,
		"isBuyerMaker": false,
		"isBestMatch": true
	},
	{
		"id": 303,
		"price": "0.03325000",
		"qty": "2440.00000000",
		"quoteQty": "81.13000000",
		"time": 1665734406728,
		"isBuyerMaker": false,
		"isBestMatch": true
	},
	{
		"id": 304,
		"price": "0.03325000",
		"qty": "3660.00000000",
		"quoteQty": "121.69500000",
		"time": 1665734406728,
		"isBuyerMaker": false,
		"isBestMatch": true
	},
	{
		"id": 305,
		"price": "0.03325000",
		"qty": "2440.00000000",
		"quoteQty": "81.13000000",
		"time": 1665734406728,
		"isBuyerMaker": false,
		"isBestMatch": true
	},
	{
		"id": 306,
		"price": "0.03325000",
		"qty": "3660.00000000",
		"quoteQty": "121.69500000",
		"time": 1665734406728,
		"isBuyerMaker": false,
		"isBestMatch": true
	},
	{
		"id": 307,
		"price": "0.03325000",
		"qty": "2440.00000000",
		"quoteQty": "81.13000000",
		"time": 1665734406728,
		"isBuyerMaker": false,
		"isBestMatch": true
	},
	{
		"id": 308,
		"price": "0.03325000",
		"qty": "3660.00000000",
		"quoteQty": "121.69500000",
		"time": 1665734406728,
		"isBuyerMaker": false,
		"isBestMatch": true
	},
	{
		"id": 309,
		"price": "0.03325000",
		"qty": "2439.00000000",
		"quoteQty": "81.09675000",
		"time": 1665734406728,
		"isBuyerMaker": false,
		"isBestMatch": true
	},
	{
		"id": 310,
		"price": "0.03325000",
		"qty": "3658.00000000",
		"quoteQty": "121.62850000",
		"time": 1665734406728,
		"isBuyerMaker": false,
		"isBestMatch": true
	},
	{
		"id": 311,
		"price": "0.03330000",
		"qty": "601.00000000",
		"quoteQty": "20.01330000",
		"time": 1665734406728,
		"isBuyerMaker": false,
		"isBestMatch": true
	},
	{
		"id": 312,
		"price": "0.03330000",
		"qty": "601.00000000",
		"quoteQty": "20.01330000",
		"time": 1665734406728,
		"isBuyerMaker": false,
		"isBestMatch": true
	},
	{
		"id": 313,
		"price": "0.03330000",
		"qty": "601.00000000",
		"quoteQty": "20.01330000",
		"time": 1665734406728,
		"isBuyerMaker": false,
		"isBestMatch": true
	},
	{
		"id": 314,
		"price": "0.03330000",
		"qty": "601.00000000",
		"quoteQty": "20.01330000",
		"time": 1665734406728,
		"isBuyerMaker": false,
		"isBestMatch": true
	},
	{
		"id": 315,
		"price": "0.03330000",
		"qty": "601.00000000",
		"quoteQty": "20.01330000",
		"time": 1665734406728,
		"isBuyerMaker": false,
		"isBestMatch": true
	},
	{
		"id": 316,
		"price": "0.03330000",
		"qty": "377.00000000",
		"quoteQty": "12.55410000",
		"time": 1665734406728,
		"isBuyerMaker": false,
		"isBestMatch": true
	},
	{
		"id": 317,
		"price": "0.03330000",
		"qty": "224.00000000",
		"quoteQty": "7.45920000",
		"time": 1665734406743,
		"isBuyerMaker": false,
		"isBestMatch": true
	},
	{
		"id": 318,
		"price": "0.03330000",
		"qty": "601.00000000",
		"quoteQty": "20.01330000",
		"time": 1665734406743,
		"isBuyerMaker": false,
		"isBestMatch": true
	},
	{
		"id": 319,
		"price": "0.03330000",
		"qty": "601.00000000",
		"quoteQty": "20.01330000",
		"time": 1665734406743,
		"isBuyerMaker": false,
		"isBestMatch": true
	},
	{
		"id": 320,
		"price": "0.03330000",
		"qty": "601.00000000",
		"quoteQty": "20.01330000",
		"time": 1665734406743,
		"isBuyerMaker": false,
		"isBestMatch": true
	},
	{
		"id": 321,
		"price": "0.03330000",
		"qty": "592.00000000",
		"quoteQty": "19.71360000",
		"time": 1665734406743,
		"isBuyerMaker": false,
		"isBestMatch": true
	},
	{
		"id": 322,
		"price": "0.03352000",
		"qty": "614.00000000",
		"quoteQty": "20.58128000",
		"time": 1665734406743,
		"isBuyerMaker": false,
		"isBestMatch": true
	},
	{
		"id": 323,
		"price": "0.03352000",
		"qty": "614.00000000",
		"quoteQty": "20.58128000",
		"time": 1665734406743,
		"isBuyerMaker": false,
		"isBestMatch": true
	},
	{
		"id": 324,
		"price": "0.03352000",
		"qty": "614.00000000",
		"quoteQty": "20.58128000",
		"time": 1665734406743,
		"isBuyerMaker": false,
		"isBestMatch": true
	},
	{
		"id": 325,
		"price": "0.03352000",
		"qty": "614.00000000",
		"quoteQty": "20.58128000",
		"time": 1665734406743,
		"isBuyerMaker": false,
		"isBestMatch": true
	},
	{
		"id": 326,
		"price": "0.03352000",
		"qty": "614.00000000",
		"quoteQty": "20.58128000",
		"time": 1665734406743,
		"isBuyerMaker": false,
		"isBestMatch": true
	},
	{
		"id": 327,
		"price": "0.03352000",
		"qty": "614.00000000",
		"quoteQty": "20.58128000",
		"time": 1665734406743,
		"isBuyerMaker": false,
		"isBestMatch": true
	},
	{
		"id": 328,
		"price": "0.03352000",
		"qty": "614.00000000",
		"quoteQty": "20.58128000",
		"time": 1665734406743,
		"isBuyerMaker": false,
		"isBestMatch": true
	},
	{
		"id": 329,
		"price": "0.03352000",
		"qty": "614.00000000",
		"quoteQty": "20.58128000",
		"time": 1665734406743,
		"isBuyerMaker": false,
		"isBestMatch": true
	},
	{
		"id": 330,
		"price": "0.03352000",
		"qty": "614.00000000",
		"quoteQty": "20.58128000",
		"time": 1665734406743,
		"isBuyerMaker": false,
		"isBestMatch": true
	},
	{
		"id": 331,
		"price": "0.03352000",
		"qty": "605.00000000",
		"quoteQty": "20.27960000",
		"time": 1665734406743,
		"isBuyerMaker": false,
		"isBestMatch": true
	},
	{
		"id": 332,
		"price": "0.03357000",
		"qty": "305.00000000",
		"quoteQty": "10.23885000",
		"time": 1665734406743,
		"isBuyerMaker": false,
		"isBestMatch": true
	},
	{
		"id": 333,
		"price": "0.03357000",
		"qty": "305.00000000",
		"quoteQty": "10.23885000",
		"time": 1665734406743,
		"isBuyerMaker": false,
		"isBestMatch": true
	},
	{
		"id": 334,
		"price": "0.03357000",
		"qty": "305.00000000",
		"quoteQty": "10.23885000",
		"time": 1665734406743,
		"isBuyerMaker": false,
		"isBestMatch": true
	},
	{
		"id": 335,
		"price": "0.03357000",
		"qty": "305.00000000",
		"quoteQty": "10.23885000",
		"time": 1665734406743,
		"isBuyerMaker": false,
		"isBestMatch": true
	},
	{
		"id": 336,
		"price": "0.03357000",
		"qty": "305.00000000",
		"quoteQty": "10.23885000",
		"time": 1665734406743,
		"isBuyerMaker": false,
		"isBestMatch": true
	},
	{
		"id": 337,
		"price": "0.03357000",
		"qty": "305.00000000",
		"quoteQty": "10.23885000",
		"time": 1665734406743,
		"isBuyerMaker": false,
		"isBestMatch": true
	},
	{
		"id": 338,
		"price": "0.03357000",
		"qty": "305.00000000",
		"quoteQty": "10.23885000",
		"time": 1665734406743,
		"isBuyerMaker": false,
		"isBestMatch": true
	},
	{
		"id": 339,
		"price": "0.03357000",
		"qty": "305.00000000",
		"quoteQty": "10.23885000",
		"time": 1665734406743,
		"isBuyerMaker": false,
		"isBestMatch": true
	},
	{
		"id": 340,
		"price": "0.03357000",
		"qty": "305.00000000",
		"quoteQty": "10.23885000",
		"time": 1665734406743,
		"isBuyerMaker": false,
		"isBestMatch": true
	},
	{
		"id": 341,
		"price": "0.03357000",
		"qty": "304.00000000",
		"quoteQty": "10.20528000",
		"time": 1665734406743,
		"isBuyerMaker": false,
		"isBestMatch": true
	},
	{
		"id": 342,
		"price": "0.03363000",
		"qty": "601.00000000",
		"quoteQty": "20.21163000",
		"time": 1665734406743,
		"isBuyerMaker": false,
		"isBestMatch": true
	},
	{
		"id": 343,
		"price": "0.03363000",
		"qty": "601.00000000",
		"quoteQty": "20.21163000",
		"time": 1665734406743,
		"isBuyerMaker": false,
		"isBestMatch": true
	},
	{
		"id": 344,
		"price": "0.03363000",
		"qty": "34.00000000",
		"quoteQty": "1.14342000",
		"time": 1665734406743,
		"isBuyerMaker": false,
		"isBestMatch": true
	},
	{
		"id": 345,
		"price": "0.03363000",
		"qty": "567.00000000",
		"quoteQty": "19.06821000",
		"time": 1665734406841,
		"isBuyerMaker": false,
		"isBestMatch": true
	},
	{
		"id": 346,
		"price": "0.03363000",
		"qty": "601.00000000",
		"quoteQty": "20.21163000",
		"time": 1665734406841,
		"isBuyerMaker": false,
		"isBestMatch": true
	},
	{
		"id": 347,
		"price": "0.03363000",
		"qty": "601.00000000",
		"quoteQty": "20.21163000",
		"time": 1665734406841,
		"isBuyerMaker": false,
		"isBestMatch": true
	},
	{
		"id": 348,
		"price": "0.03363000",
		"qty": "601.00000000",
		"quoteQty": "20.21163000",
		"time": 1665734406841,
		"isBuyerMaker": false,
		"isBestMatch": true
	},
	{
		"id": 349,
		"price": "0.03363000",
		"qty": "601.00000000",
		"quoteQty": "20.21163000",
		"time": 1665734406841,
		"isBuyerMaker": false,
		"isBestMatch": true
	},
	{
		"id": 350,
		"price": "0.03363000",
		"qty": "601.00000000",
		"quoteQty": "20.21163000",
		"time": 1665734406841,
		"isBuyerMaker": false,
		"isBestMatch": true
	},
	{
		"id": 351,
		"price": "0.03363000",
		"qty": "601.00000000",
		"quoteQty": "20.21163000",
		"time": 1665734406841,
		"isBuyerMaker": false,
		"isBestMatch": true
	},
	{
		"id": 352,
		"price": "0.03363000",
		"qty": "596.00000000",
		"quoteQty": "20.04348000",
		"time": 1665734406841,
		"isBuyerMaker": false,
		"isBestMatch": true
	},
	{
		"id": 353,
		"price": "0.03390000",
		"qty": "9936.00000000",
		"quoteQty": "336.83040000",
		"time": 1665734406841,
		"isBuyerMaker": false,
		"isBestMatch": true
	},
	{
		"id": 354,
		"price": "0.03390000",
		"qty": "1218.00000000",
		"quoteQty": "41.29020000",
		"time": 1665734407150,
		"isBuyerMaker": false,
		"isBestMatch": true
	},
	{
		"id": 355,
		"price": "0.03390000",
		"qty": "28979.00000000",
		"quoteQty": "982.38810000",
		"time": 1665734407220,
		"isBuyerMaker": false,
		"isBestMatch": true
	},
	{
		"id": 356,
		"price": "0.03390000",
		"qty": "13042.00000000",
		"quoteQty": "442.12380000",
		"time": 1665734407279,
		"isBuyerMaker": false,
		"isBestMatch": true
	},
	{
		"id": 357,
		"price": "0.03351000",
		"qty": "1282.00000000",
		"quoteQty": "42.95982000",
		"time": 1665734407369,
		"isBuyerMaker": true,
		"isBestMatch": true
	},
	{
		"id": 358,
		"price": "0.03390000",
		"qty": "2359.00000000",
		"quoteQty": "79.97010000",
		"time": 1665734407383,
		"isBuyerMaker": false,
		"isBestMatch": true
	},
	{
		"id": 359,
		"price": "0.03389000",
		"qty": "1282.00000000",
		"quoteQty": "43.44698000",
		"time": 1665734407466,
		"isBuyerMaker": false,
		"isBestMatch": true
	},
	{
		"id": 360,
		"price": "0.03390000",
		"qty": "675.00000000",
		"quoteQty": "22.88250000",
		"time": 1665734407466,
		"isBuyerMaker": false,
		"isBestMatch": true
	},
	{
		"id": 361,
		"price": "0.03390000",
		"qty": "4559.00000000",
		"quoteQty": "154.55010000",
		"time": 1665734407525,
		"isBuyerMaker": false,
		"isBestMatch": true
	},
	{
		"id": 362,
		"price": "0.03390000",
		"qty": "2949.00000000",
		"quoteQty": "99.97110000",
		"time": 1665734407623,
		"isBuyerMaker": false,
		"isBestMatch": true
	},
	{
		"id": 363,
		"price": "0.03390000",
		"qty": "5957.00000000",
		"quoteQty": "201.94230000",
		"time": 1665734407672,
		"isBuyerMaker": false,
		"isBestMatch": true
	},
	{
		"id": 364,
		"price": "0.03390000",
		"qty": "2976.00000000",
		"quoteQty": "100.88640000",
		"time": 1665734407674,
		"isBuyerMaker": false,
		"isBestMatch": true
	},
	{
		"id": 365,
		"price": "0.03390000",
		"qty": "294.00000000",
		"quoteQty": "9.96660000",
		"time": 1665734407751,
		"isBuyerMaker": false,
		"isBestMatch": true
	},
	{
		"id": 366,
		"price": "0.03390000",
		"qty": "3285.00000000",
		"quoteQty": "111.36150000",
		"time": 1665734407827,
		"isBuyerMaker": false,
		"isBestMatch": true
	},
	{
		"id": 367,
		"price": "0.03390000",
		"qty": "2945.00000000",
		"quoteQty": "99.83550000",
		"time": 1665734407865,
		"isBuyerMaker": false,
		"isBestMatch": true
	},
	{
		"id": 368,
		"price": "0.03390000",
		"qty": "1470.00000000",
		"quoteQty": "49.83300000",
		"time": 1665734407873,
		"isBuyerMaker": false,
		"isBestMatch": true
	},
	{
		"id": 369,
		"price": "0.03360000",
		"qty": "7440.00000000",
		"quoteQty": "249.98400000",
		"time": 1665734407891,
		"isBuyerMaker": true,
		"isBestMatch": true
	},
	{
		"id": 370,
		"price": "0.03360000",
		"qty": "7440.00000000",
		"quoteQty": "249.98400000",
		"time": 1665734407891,
		"isBuyerMaker": true,
		"isBestMatch": true
	},
	{
		"id": 371,
		"price": "0.03359000",
		"qty": "90.00000000",
		"quoteQty": "3.02310000",
		"time": 1665734407891,
		"isBuyerMaker": true,
		"isBestMatch": true
	},
	{
		"id": 372,
		"price": "0.03359000",
		"qty": "4258.00000000",
		"quoteQty": "143.02622000",
		"time": 1665734407892,
		"isBuyerMaker": true,
		"isBestMatch": true
	},
	{
		"id": 373,
		"price": "0.03382000",
		"qty": "1122.00000000",
		"quoteQty": "37.94604000",
		"time": 1665734407998,
		"isBuyerMaker": false,
		"isBestMatch": true
	},
	{
		"id": 374,
		"price": "0.03382000",
		"qty": "3226.00000000",
		"quoteQty": "109.10332000",
		"time": 1665734408027,
		"isBuyerMaker": false,
		"isBestMatch": true
	},
	{
		"id": 375,
		"price": "0.03389000",
		"qty": "7440.00000000",
		"quoteQty": "252.14160000",
		"time": 1665734408027,
		"isBuyerMaker": false,
		"isBestMatch": true
	},
	{
		"id": 376,
		"price": "0.03389000",
		"qty": "7440.00000000",
		"quoteQty": "252.14160000",
		"time": 1665734408027,
		"isBuyerMaker": false,
		"isBestMatch": true
	},
	{
		"id": 377,
		"price": "0.03390000",
		"qty": "37997.00000000",
		"quoteQty": "1288.09830000",
		"time": 1665734408027,
		"isBuyerMaker": false,
		"isBestMatch": true
	},
	{
		"id": 378,
		"price": "0.03355000",
		"qty": "1341.00000000",
		"quoteQty": "44.99055000",
		"time": 1665734408072,
		"isBuyerMaker": false,
		"isBestMatch": true
	},
	{
		"id": 379,
		"price": "0.03355000",
		"qty": "1236.00000000",
		"quoteQty": "41.46780000",
		"time": 1665734408158,
		"isBuyerMaker": false,
		"isBestMatch": true
	},
	{
		"id": 380,
		"price": "0.03355000",
		"qty": "1423.00000000",
		"quoteQty": "47.74165000",
		"time": 1665734408200,
		"isBuyerMaker": false,
		"isBestMatch": true
	},
	{
		"id": 381,
		"price": "0.03355000",
		"qty": "17883.00000000",
		"quoteQty": "599.97465000",
		"time": 1665734408268,
		"isBuyerMaker": false,
		"isBestMatch": true
	},
	{
		"id": 382,
		"price": "0.03355000",
		"qty": "10170.00000000",
		"quoteQty": "341.20350000",
		"time": 1665734408383,
		"isBuyerMaker": false,
		"isBestMatch": true
	},
	{
		"id": 383,
		"price": "0.03351000",
		"qty": "3175.00000000",
		"quoteQty": "106.39425000",
		"time": 1665734408421,
		"isBuyerMaker": true,
		"isBestMatch": true
	},
	{
		"id": 384,
		"price": "0.03355000",
		"qty": "2668.00000000",
		"quoteQty": "89.51140000",
		"time": 1665734408597,
		"isBuyerMaker": false,
		"isBestMatch": true
	},
	{
		"id": 385,
		"price": "0.03351000",
		"qty": "7262.00000000",
		"quoteQty": "243.34962000",
		"time": 1665734408906,
		"isBuyerMaker": true,
		"isBestMatch": true
	},
	{
		"id": 386,
		"price": "0.03350000",
		"qty": "10300.00000000",
		"quoteQty": "345.05000000",
		"time": 1665734408906,
		"isBuyerMaker": true,
		"isBestMatch": true
	},
	{
		"id": 387,
		"price": "0.03354000",
		"qty": "654.00000000",
		"quoteQty": "21.93516000",
		"time": 1665734409034,
		"isBuyerMaker": false,
		"isBestMatch": true
	},
	{
		"id": 388,
		"price": "0.03354000",
		"qty": "6608.00000000",
		"quoteQty": "221.63232000",
		"time": 1665734409070,
		"isBuyerMaker": false,
		"isBestMatch": true
	},
	{
		"id": 389,
		"price": "0.03355000",
		"qty": "10724.00000000",
		"quoteQty": "359.79020000",
		"time": 1665734409070,
		"isBuyerMaker": false,
		"isBestMatch": true
	},
	{
		"id": 390,
		"price": "0.03322000",
		"qty": "4943.00000000",
		"quoteQty": "164.20646000",
		"time": 1665734409125,
		"isBuyerMaker": true,
		"isBestMatch": true
	},
	{
		"id": 391,
		"price": "0.03322000",
		"qty": "5450.00000000",
		"quoteQty": "181.04900000",
		"time": 1665734409206,
		"isBuyerMaker": false,
		"isBestMatch": true
	},
	{
		"id": 392,
		"price": "0.03322000",
		"qty": "602.00000000",
		"quoteQty": "19.99844000",
		"time": 1665734409211,
		"isBuyerMaker": false,
		"isBestMatch": true
	},
	{
		"id": 393,
		"price": "0.03322000",
		"qty": "612.00000000",
		"quoteQty": "20.33064000",
		"time": 1665734409321,
		"isBuyerMaker": false,
		"isBestMatch": true
	},
	{
		"id": 394,
		"price": "0.03322000",
		"qty": "654.00000000",
		"quoteQty": "21.72588000",
		"time": 1665734409495,
		"isBuyerMaker": false,
		"isBestMatch": true
	},
	{
		"id": 395,
		"price": "0.03322000",
		"qty": "4515.00000000",
		"quoteQty": "149.98830000",
		"time": 1665734409540,
		"isBuyerMaker": false,
		"isBestMatch": true
	},
	{
		"id": 396,
		"price": "0.03321000",
		"qty": "3005.00000000",
		"quoteQty": "99.79605000",
		"time": 1665734409757,
		"isBuyerMaker": true,
		"isBestMatch": true
	},
	{
		"id": 397,
		"price": "0.03294000",
		"qty": "104151.00000000",
		"quoteQty": "3430.73394000",
		"time": 1665734409757,
		"isBuyerMaker": true,
		"isBestMatch": true
	},
	{
		"id": 398,
		"price": "0.03284000",
		"qty": "7612.00000000",
		"quoteQty": "249.97808000",
		"time": 1665734409757,
		"isBuyerMaker": true,
		"isBestMatch": true
	},
	{
		"id": 399,
		"price": "0.03280000",
		"qty": "12617.00000000",
		"quoteQty": "413.83760000",
		"time": 1665734409757,
		"isBuyerMaker": true,
		"isBestMatch": true
	},
	{
		"id": 400,
		"price": "0.03257000",
		"qty": "1552.00000000",
		"quoteQty": "50.54864000",
		"time": 1665734409757,
		"isBuyerMaker": true,
		"isBestMatch": true
	},
	{
		"id": 401,
		"price": "0.03256000",
		"qty": "55822.00000000",
		"quoteQty": "1817.56432000",
		"time": 1665734409757,
		"isBuyerMaker": true,
		"isBestMatch": true
	},
	{
		"id": 402,
		"price": "0.03320000",
		"qty": "1552.00000000",
		"quoteQty": "51.52640000",
		"time": 1665734409914,
		"isBuyerMaker": false,
		"isBestMatch": true
	},
	{
		"id": 403,
		"price": "0.03321000",
		"qty": "7612.00000000",
		"quoteQty": "252.79452000",
		"time": 1665734409914,
		"isBuyerMaker": false,
		"isBestMatch": true
	},
	{
		"id": 404,
		"price": "0.03322000",
		"qty": "11474.00000000",
		"quoteQty": "381.16628000",
		"time": 1665734409914,
		"isBuyerMaker": false,
		"isBestMatch": true
	},
	{
		"id": 405,
		"price": "0.03322000",
		"qty": "3010.00000000",
		"quoteQty": "99.99220000",
		"time": 1665734409964,
		"isBuyerMaker": false,
		"isBestMatch": true
	},
	{
		"id": 406,
		"price": "0.03322000",
		"qty": "445.00000000",
		"quoteQty": "14.78290000",
		"time": 1665734410058,
		"isBuyerMaker": false,
		"isBestMatch": true
	},
	{
		"id": 407,
		"price": "0.03322000",
		"qty": "11790.00000000",
		"quoteQty": "391.66380000",
		"time": 1665734410097,
		"isBuyerMaker": false,
		"isBestMatch": true
	},
	{
		"id": 408,
		"price": "0.03301000",
		"qty": "9818.00000000",
		"quoteQty": "324.09218000",
		"time": 1665734410127,
		"isBuyerMaker": true,
		"isBestMatch": true
	},
	{
		"id": 409,
		"price": "0.03300000",
		"qty": "398.00000000",
		"quoteQty": "13.13400000",
		"time": 1665734410127,
		"isBuyerMaker": true,
		"isBestMatch": true
	},
	{
		"id": 410,
		"price": "0.03300000",
		"qty": "7575.00000000",
		"quoteQty": "249.97500000",
		"time": 1665734410127,
		"isBuyerMaker": true,
		"isBestMatch": true
	},
	{
		"id": 411,
		"price": "0.03259000",
		"qty": "1578.00000000",
		"quoteQty": "51.42702000",
		"time": 1665734410127,
		"isBuyerMaker": true,
		"isBestMatch": true
	},
	{
		"id": 412,
		"price": "0.03256000",
		"qty": "6081.00000000",
		"quoteQty": "197.99736000",
		"time": 1665734410127,
		"isBuyerMaker": true,
		"isBestMatch": true
	},
	{
		"id": 413,
		"price": "0.03226000",
		"qty": "901.00000000",
		"quoteQty": "29.06626000",
		"time": 1665734410127,
		"isBuyerMaker": true,
		"isBestMatch": true
	},
	{
		"id": 414,
		"price": "0.03226000",
		"qty": "7749.00000000",
		"quoteQty": "249.98274000",
		"time": 1665734410127,
		"isBuyerMaker": true,
		"isBestMatch": true
	},
	{
		"id": 415,
		"price": "0.03225000",
		"qty": "1547.00000000",
		"quoteQty": "49.89075000",
		"time": 1665734410127,
		"isBuyerMaker": true,
		"isBestMatch": true
	},
	{
		"id": 416,
		"price": "0.03224000",
		"qty": "6141.00000000",
		"quoteQty": "197.98584000",
		"time": 1665734410127,
		"isBuyerMaker": true,
		"isBestMatch": true
	},
	{
		"id": 417,
		"price": "0.03222000",
		"qty": "6145.00000000",
		"quoteQty": "197.99190000",
		"time": 1665734410127,
		"isBuyerMaker": true,
		"isBestMatch": true
	},
	{
		"id": 418,
		"price": "0.03210000",
		"qty": "12430.00000000",
		"quoteQty": "399.00300000",
		"time": 1665734410127,
		"isBuyerMaker": true,
		"isBestMatch": true
	},
	{
		"id": 419,
		"price": "0.03206000",
		"qty": "13835.00000000",
		"quoteQty": "443.55010000",
		"time": 1665734410127,
		"isBuyerMaker": true,
		"isBestMatch": true
	},
	{
		"id": 420,
		"price": "0.03205000",
		"qty": "6229.00000000",
		"quoteQty": "199.63945000",
		"time": 1665734410127,
		"isBuyerMaker": true,
		"isBestMatch": true
	},
	{
		"id": 421,
		"price": "0.03197000",
		"qty": "11534.00000000",
		"quoteQty": "368.74198000",
		"time": 1665734410127,
		"isBuyerMaker": true,
		"isBestMatch": true
	},
	{
		"id": 422,
		"price": "0.03194000",
		"qty": "8128.00000000",
		"quoteQty": "259.60832000",
		"time": 1665734410127,
		"isBuyerMaker": true,
		"isBestMatch": true
	},
	{
		"id": 423,
		"price": "0.03321000",
		"qty": "7749.00000000",
		"quoteQty": "257.34429000",
		"time": 1665734410176,
		"isBuyerMaker": false,
		"isBestMatch": true
	},
	{
		"id": 424,
		"price": "0.03321000",
		"qty": "7575.00000000",
		"quoteQty": "251.56575000",
		"time": 1665734410176,
		"isBuyerMaker": false,
		"isBestMatch": true
	},
	{
		"id": 425,
		"price": "0.03321000",
		"qty": "1578.00000000",
		"quoteQty": "52.40538000",
		"time": 1665734410176,
		"isBuyerMaker": false,
		"isBestMatch": true
	},
	{
		"id": 426,
		"price": "0.03321000",
		"qty": "13835.00000000",
		"quoteQty": "459.46035000",
		"time": 1665734410176,
		"isBuyerMaker": false,
		"isBestMatch": true
	},
	{
		"id": 427,
		"price": "0.03322000",
		"qty": "29432.00000000",
		"quoteQty": "977.73104000",
		"time": 1665734410176,
		"isBuyerMaker": false,
		"isBestMatch": true
	},
	{
		"id": 428,
		"price": "0.03348000",
		"qty": "618.00000000",
		"quoteQty": "20.69064000",
		"time": 1665734410176,
		"isBuyerMaker": false,
		"isBestMatch": true
	},
	{
		"id": 429,
		"price": "0.03348000",
		"qty": "618.00000000",
		"quoteQty": "20.69064000",
		"time": 1665734410176,
		"isBuyerMaker": false,
		"isBestMatch": true
	},
	{
		"id": 430,
		"price": "0.03348000",
		"qty": "618.00000000",
		"quoteQty": "20.69064000",
		"time": 1665734410176,
		"isBuyerMaker": false,
		"isBestMatch": true
	},
	{
		"id": 431,
		"price": "0.03348000",
		"qty": "618.00000000",
		"quoteQty": "20.69064000",
		"time": 1665734410176,
		"isBuyerMaker": false,
		"isBestMatch": true
	},
	{
		"id": 432,
		"price": "0.03348000",
		"qty": "618.00000000",
		"quoteQty": "20.69064000",
		"time": 1665734410176,
		"isBuyerMaker": false,
		"isBestMatch": true
	},
	{
		"id": 433,
		"price": "0.03348000",
		"qty": "618.00000000",
		"quoteQty": "20.69064000",
		"time": 1665734410176,
		"isBuyerMaker": false,
		"isBestMatch": true
	},
	{
		"id": 434,
		"price": "0.03348000",
		"qty": "618.00000000",
		"quoteQty": "20.69064000",
		"time": 1665734410176,
		"isBuyerMaker": false,
		"isBestMatch": true
	},
	{
		"id": 435,
		"price": "0.03348000",
		"qty": "618.00000000",
		"quoteQty": "20.69064000",
		"time": 1665734410176,
		"isBuyerMaker": false,
		"isBestMatch": true
	},
	{
		"id": 436,
		"price": "0.03348000",
		"qty": "618.00000000",
		"quoteQty": "20.69064000",
		"time": 1665734410176,
		"isBuyerMaker": false,
		"isBestMatch": true
	},
	{
		"id": 437,
		"price": "0.03348000",
		"qty": "608.00000000",
		"quoteQty": "20.35584000",
		"time": 1665734410176,
		"isBuyerMaker": false,
		"isBestMatch": true
	},
	{
		"id": 438,
		"price": "0.03355000",
		"qty": "84140.00000000",
		"quoteQty": "2822.89700000",
		"time": 1665734410176,
		"isBuyerMaker": false,
		"isBestMatch": true
	},
	{
		"id": 439,
		"price": "0.03356000",
		"qty": "310.00000000",
		"quoteQty": "10.40360000",
		"time": 1665734410176,
		"isBuyerMaker": false,
		"isBestMatch": true
	},
	{
		"id": 440,
		"price": "0.03356000",
		"qty": "310.00000000",
		"quoteQty": "10.40360000",
		"time": 1665734410176,
		"isBuyerMaker": false,
		"isBestMatch": true
	},
	{
		"id": 441,
		"price": "0.03356000",
		"qty": "310.00000000",
		"quoteQty": "10.40360000",
		"time": 1665734410176,
		"isBuyerMaker": false,
		"isBestMatch": true
	},
	{
		"id": 442,
		"price": "0.03356000",
		"qty": "310.00000000",
		"quoteQty": "10.40360000",
		"time": 1665734410176,
		"isBuyerMaker": false,
		"isBestMatch": true
	},
	{
		"id": 443,
		"price": "0.03356000",
		"qty": "307.00000000",
		"quoteQty": "10.30292000",
		"time": 1665734410176,
		"isBuyerMaker": false,
		"isBestMatch": true
	},
	{
		"id": 444,
		"price": "0.03363000",
		"qty": "3175.00000000",
		"quoteQty": "106.77525000",
		"time": 1665734410176,
		"isBuyerMaker": false,
		"isBestMatch": true
	},
	{
		"id": 445,
		"price": "0.03370000",
		"qty": "24567.00000000",
		"quoteQty": "827.90790000",
		"time": 1665734410176,
		"isBuyerMaker": false,
		"isBestMatch": true
	},
	{
		"id": 446,
		"price": "0.03376000",
		"qty": "301.00000000",
		"quoteQty": "10.16176000",
		"time": 1665734410176,
		"isBuyerMaker": false,
		"isBestMatch": true
	},
	{
		"id": 447,
		"price": "0.03376000",
		"qty": "301.00000000",
		"quoteQty": "10.16176000",
		"time": 1665734410176,
		"isBuyerMaker": false,
		"isBestMatch": true
	},
	{
		"id": 448,
		"price": "0.03376000",
		"qty": "135.00000000",
		"quoteQty": "4.55760000",
		"time": 1665734410176,
		"isBuyerMaker": false,
		"isBestMatch": true
	},
	{
		"id": 449,
		"price": "0.03285000",
		"qty": "457.00000000",
		"quoteQty": "15.01245000",
		"time": 1665734410266,
		"isBuyerMaker": false,
		"isBestMatch": true
	},
	{
		"id": 450,
		"price": "0.03197000",
		"qty": "5920.00000000",
		"quoteQty": "189.26240000",
		"time": 1665734410278,
		"isBuyerMaker": true,
		"isBestMatch": true
	},
	{
		"id": 451,
		"price": "0.03285000",
		"qty": "166.00000000",
		"quoteQty": "5.45310000",
		"time": 1665734410387,
		"isBuyerMaker": false,
		"isBestMatch": true
	},
	{
		"id": 452,
		"price": "0.03285000",
		"qty": "623.00000000",
		"quoteQty": "20.46555000",
		"time": 1665734410387,
		"isBuyerMaker": false,
		"isBestMatch": true
	},
	{
		"id": 453,
		"price": "0.03285000",
		"qty": "623.00000000",
		"quoteQty": "20.46555000",
		"time": 1665734410387,
		"isBuyerMaker": false,
		"isBestMatch": true
	},
	{
		"id": 454,
		"price": "0.03285000",
		"qty": "623.00000000",
		"quoteQty": "20.46555000",
		"time": 1665734410387,
		"isBuyerMaker": false,
		"isBestMatch": true
	},
	{
		"id": 455,
		"price": "0.03285000",
		"qty": "623.00000000",
		"quoteQty": "20.46555000",
		"time": 1665734410387,
		"isBuyerMaker": false,
		"isBestMatch": true
	},
	{
		"id": 456,
		"price": "0.03285000",
		"qty": "303.00000000",
		"quoteQty": "9.95355000",
		"time": 1665734410387,
		"isBuyerMaker": false,
		"isBestMatch": true
	},
	{
		"id": 457,
		"price": "0.03285000",
		"qty": "320.00000000",
		"quoteQty": "10.51200000",
		"time": 1665734410387,
		"isBuyerMaker": false,
		"isBestMatch": true
	},
	{
		"id": 458,
		"price": "0.03285000",
		"qty": "623.00000000",
		"quoteQty": "20.46555000",
		"time": 1665734410387,
		"isBuyerMaker": false,
		"isBestMatch": true
	},
	{
		"id": 459,
		"price": "0.03285000",
		"qty": "623.00000000",
		"quoteQty": "20.46555000",
		"time": 1665734410387,
		"isBuyerMaker": false,
		"isBestMatch": true
	},
	{
		"id": 460,
		"price": "0.03285000",
		"qty": "623.00000000",
		"quoteQty": "20.46555000",
		"time": 1665734410387,
		"isBuyerMaker": false,
		"isBestMatch": true
	},
	{
		"id": 461,
		"price": "0.03285000",
		"qty": "622.00000000",
		"quoteQty": "20.43270000",
		"time": 1665734410387,
		"isBuyerMaker": false,
		"isBestMatch": true
	},
	{
		"id": 462,
		"price": "0.03286000",
		"qty": "131.00000000",
		"quoteQty": "4.30466000",
		"time": 1665734410387,
		"isBuyerMaker": false,
		"isBestMatch": true
	},
	{
		"id": 463,
		"price": "0.03199000",
		"qty": "662.00000000",
		"quoteQty": "21.17738000",
		"time": 1665734410432,
		"isBuyerMaker": true,
		"isBestMatch": true
	},
	{
		"id": 464,
		"price": "0.03286000",
		"qty": "484.00000000",
		"quoteQty": "15.90424000",
		"time": 1665734410445,
		"isBuyerMaker": false,
		"isBestMatch": true
	},
	{
		"id": 465,
		"price": "0.03286000",
		"qty": "615.00000000",
		"quoteQty": "20.20890000",
		"time": 1665734410445,
		"isBuyerMaker": false,
		"isBestMatch": true
	},
	{
		"id": 466,
		"price": "0.03286000",
		"qty": "584.00000000",
		"quoteQty": "19.19024000",
		"time": 1665734410445,
		"isBuyerMaker": false,
		"isBestMatch": true
	},
	{
		"id": 467,
		"price": "0.03286000",
		"qty": "31.00000000",
		"quoteQty": "1.01866000",
		"time": 1665734410449,
		"isBuyerMaker": false,
		"isBestMatch": true
	},
	{
		"id": 468,
		"price": "0.03286000",
		"qty": "615.00000000",
		"quoteQty": "20.20890000",
		"time": 1665734410449,
		"isBuyerMaker": false,
		"isBestMatch": true
	},
	{
		"id": 469,
		"price": "0.03286000",
		"qty": "330.00000000",
		"quoteQty": "10.84380000",
		"time": 1665734410449,
		"isBuyerMaker": false,
		"isBestMatch": true
	},
	{
		"id": 470,
		"price": "0.03286000",
		"qty": "285.00000000",
		"quoteQty": "9.36510000",
		"time": 1665734410450,
		"isBuyerMaker": false,
		"isBestMatch": true
	},
	{
		"id": 471,
		"price": "0.03286000",
		"qty": "615.00000000",
		"quoteQty": "20.20890000",
		"time": 1665734410450,
		"isBuyerMaker": false,
		"isBestMatch": true
	},
	{
		"id": 472,
		"price": "0.03286000",
		"qty": "615.00000000",
		"quoteQty": "20.20890000",
		"time": 1665734410450,
		"isBuyerMaker": false,
		"isBestMatch": true
	},
	{
		"id": 473,
		"price": "0.03286000",
		"qty": "615.00000000",
		"quoteQty": "20.20890000",
		"time": 1665734410450,
		"isBuyerMaker": false,
		"isBestMatch": true
	},
	{
		"id": 474,
		"price": "0.03286000",
		"qty": "615.00000000",
		"quoteQty": "20.20890000",
		"time": 1665734410450,
		"isBuyerMaker": false,
		"isBestMatch": true
	},
	{
		"id": 475,
		"price": "0.03286000",
		"qty": "610.00000000",
		"quoteQty": "20.04460000",
		"time": 1665734410450,
		"isBuyerMaker": false,
		"isBestMatch": true
	},
	{
		"id": 476,
		"price": "0.03290000",
		"qty": "813.00000000",
		"quoteQty": "26.74770000",
		"time": 1665734410450,
		"isBuyerMaker": false,
		"isBestMatch": true
	},
	{
		"id": 477,
		"price": "0.03290000",
		"qty": "813.00000000",
		"quoteQty": "26.74770000",
		"time": 1665734410450,
		"isBuyerMaker": false,
		"isBestMatch": true
	},
	{
		"id": 478,
		"price": "0.03290000",
		"qty": "813.00000000",
		"quoteQty": "26.74770000",
		"time": 1665734410450,
		"isBuyerMaker": false,
		"isBestMatch": true
	},
	{
		"id": 479,
		"price": "0.03290000",
		"qty": "813.00000000",
		"quoteQty": "26.74770000",
		"time": 1665734410450,
		"isBuyerMaker": false,
		"isBestMatch": true
	},
	{
		"id": 480,
		"price": "0.03290000",
		"qty": "660.00000000",
		"quoteQty": "21.71400000",
		"time": 1665734410450,
		"isBuyerMaker": false,
		"isBestMatch": true
	},
	{
		"id": 481,
		"price": "0.03290000",
		"qty": "153.00000000",
		"quoteQty": "5.03370000",
		"time": 1665734410490,
		"isBuyerMaker": false,
		"isBestMatch": true
	},
	{
		"id": 482,
		"price": "0.03290000",
		"qty": "813.00000000",
		"quoteQty": "26.74770000",
		"time": 1665734410490,
		"isBuyerMaker": false,
		"isBestMatch": true
	},
	{
		"id": 483,
		"price": "0.03290000",
		"qty": "813.00000000",
		"quoteQty": "26.74770000",
		"time": 1665734410490,
		"isBuyerMaker": false,
		"isBestMatch": true
	},
	{
		"id": 484,
		"price": "0.03290000",
		"qty": "813.00000000",
		"quoteQty": "26.74770000",
		"time": 1665734410490,
		"isBuyerMaker": false,
		"isBestMatch": true
	},
	{
		"id": 485,
		"price": "0.03290000",
		"qty": "813.00000000",
		"quoteQty": "26.74770000",
		"time": 1665734410490,
		"isBuyerMaker": false,
		"isBestMatch": true
	},
	{
		"id": 486,
		"price": "0.03290000",
		"qty": "811.00000000",
		"quoteQty": "26.68190000",
		"time": 1665734410490,
		"isBuyerMaker": false,
		"isBestMatch": true
	},
	{
		"id": 487,
		"price": "0.03315000",
		"qty": "609.00000000",
		"quoteQty": "20.18835000",
		"time": 1665734410490,
		"isBuyerMaker": false,
		"isBestMatch": true
	},
	{
		"id": 488,
		"price": "0.03315000",
		"qty": "609.00000000",
		"quoteQty": "20.18835000",
		"time": 1665734410490,
		"isBuyerMaker": false,
		"isBestMatch": true
	},
	{
		"id": 489,
		"price": "0.03315000",
		"qty": "609.00000000",
		"quoteQty": "20.18835000",
		"time": 1665734410490,
		"isBuyerMaker": false,
		"isBestMatch": true
	},
	{
		"id": 490,
		"price": "0.03315000",
		"qty": "609.00000000",
		"quoteQty": "20.18835000",
		"time": 1665734410490,
		"isBuyerMaker": false,
		"isBestMatch": true
	},
	{
		"id": 491,
		"price": "0.03315000",
		"qty": "609.00000000",
		"quoteQty": "20.18835000",
		"time": 1665734410490,
		"isBuyerMaker": false,
		"isBestMatch": true
	},
	{
		"id": 492,
		"price": "0.03315000",
		"qty": "609.00000000",
		"quoteQty": "20.18835000",
		"time": 1665734410490,
		"isBuyerMaker": false,
		"isBestMatch": true
	},
	{
		"id": 493,
		"price": "0.03315000",
		"qty": "609.00000000",
		"quoteQty": "20.18835000",
		"time": 1665734410490,
		"isBuyerMaker": false,
		"isBestMatch": true
	},
	{
		"id": 494,
		"price": "0.03315000",
		"qty": "609.00000000",
		"quoteQty": "20.18835000",
		"time": 1665734410490,
		"isBuyerMaker": false,
		"isBestMatch": true
	},
	{
		"id": 495,
		"price": "0.03315000",
		"qty": "609.00000000",
		"quoteQty": "20.18835000",
		"time": 1665734410490,
		"isBuyerMaker": false,
		"isBestMatch": true
	},
	{
		"id": 496,
		"price": "0.03315000",
		"qty": "600.00000000",
		"quoteQty": "19.89000000",
		"time": 1665734410490,
		"isBuyerMaker": false,
		"isBestMatch": true
	},
	{
		"id": 497,
		"price": "0.03321000",
		"qty": "615.00000000",
		"quoteQty": "20.42415000",
		"time": 1665734410490,
		"isBuyerMaker": false,
		"isBestMatch": true
	},
	{
		"id": 498,
		"price": "0.03321000",
		"qty": "615.00000000",
		"quoteQty": "20.42415000",
		"time": 1665734410490,
		"isBuyerMaker": false,
		"isBestMatch": true
	},
	{
		"id": 499,
		"price": "0.03321000",
		"qty": "615.00000000",
		"quoteQty": "20.42415000",
		"time": 1665734410490,
		"isBuyerMaker": false,
		"isBestMatch": true
	},
	{
		"id": 500,
		"price": "0.03321000",
		"qty": "615.00000000",
		"quoteQty": "20.42415000",
		"time": 1665734410490,
		"isBuyerMaker": false,
		"isBestMatch": true
	},
	{
		"id": 501,
		"price": "0.03321000",
		"qty": "615.00000000",
		"quoteQty": "20.42415000",
		"time": 1665734410490,
		"isBuyerMaker": false,
		"isBestMatch": true
	},
	{
		"id": 502,
		"price": "0.03321000",
		"qty": "615.00000000",
		"quoteQty": "20.42415000",
		"time": 1665734410490,
		"isBuyerMaker": false,
		"isBestMatch": true
	},
	{
		"id": 503,
		"price": "0.03321000",
		"qty": "615.00000000",
		"quoteQty": "20.42415000",
		"time": 1665734410490,
		"isBuyerMaker": false,
		"isBestMatch": true
	},
	{
		"id": 504,
		"price": "0.03321000",
		"qty": "615.00000000",
		"quoteQty": "20.42415000",
		"time": 1665734410490,
		"isBuyerMaker": false,
		"isBestMatch": true
	},
	{
		"id": 505,
		"price": "0.03321000",
		"qty": "615.00000000",
		"quoteQty": "20.42415000",
		"time": 1665734410490,
		"isBuyerMaker": false,
		"isBestMatch": true
	},
	{
		"id": 506,
		"price": "0.03321000",
		"qty": "606.00000000",
		"quoteQty": "20.12526000",
		"time": 1665734410490,
		"isBuyerMaker": false,
		"isBestMatch": true
	},
	{
		"id": 507,
		"price": "0.03355000",
		"qty": "15631.00000000",
		"quoteQty": "524.42005000",
		"time": 1665734410553,
		"isBuyerMaker": true,
		"isBestMatch": true
	},
	{
		"id": 508,
		"price": "0.03355000",
		"qty": "7147.00000000",
		"quoteQty": "239.78185000",
		"time": 1665734410553,
		"isBuyerMaker": true,
		"isBestMatch": true
	},
	{
		"id": 509,
		"price": "0.03252000",
		"qty": "2844.00000000",
		"quoteQty": "92.48688000",
		"time": 1665734410553,
		"isBuyerMaker": true,
		"isBestMatch": true
	},
	{
		"id": 510,
		"price": "0.03201000",
		"qty": "157602.00000000",
		"quoteQty": "5044.84002000",
		"time": 1665734410553,
		"isBuyerMaker": true,
		"isBestMatch": true
	},
	{
		"id": 511,
		"price": "0.03200000",
		"qty": "7812.00000000",
		"quoteQty": "249.98400000",
		"time": 1665734410553,
		"isBuyerMaker": true,
		"isBestMatch": true
	},
	{
		"id": 512,
		"price": "0.03196000",
		"qty": "7822.00000000",
		"quoteQty": "249.99112000",
		"time": 1665734410553,
		"isBuyerMaker": true,
		"isBestMatch": true
	},
	{
		"id": 513,
		"price": "0.03196000",
		"qty": "1637.00000000",
		"quoteQty": "52.31852000",
		"time": 1665734410553,
		"isBuyerMaker": true,
		"isBestMatch": true
	},
	{
		"id": 514,
		"price": "0.03194000",
		"qty": "1562.00000000",
		"quoteQty": "49.89028000",
		"time": 1665734410553,
		"isBuyerMaker": true,
		"isBestMatch": true
	},
	{
		"id": 515,
		"price": "0.03179000",
		"qty": "2177.00000000",
		"quoteQty": "69.20683000",
		"time": 1665734410553,
		"isBuyerMaker": true,
		"isBestMatch": true
	},
	{
		"id": 516,
		"price": "0.03376000",
		"qty": "166.00000000",
		"quoteQty": "5.60416000",
		"time": 1665734410557,
		"isBuyerMaker": false,
		"isBestMatch": true
	},
	{
		"id": 517,
		"price": "0.03376000",
		"qty": "301.00000000",
		"quoteQty": "10.16176000",
		"time": 1665734410557,
		"isBuyerMaker": false,
		"isBestMatch": true
	},
	{
		"id": 518,
		"price": "0.03376000",
		"qty": "301.00000000",
		"quoteQty": "10.16176000",
		"time": 1665734410557,
		"isBuyerMaker": false,
		"isBestMatch": true
	},
	{
		"id": 519,
		"price": "0.03376000",
		"qty": "301.00000000",
		"quoteQty": "10.16176000",
		"time": 1665734410557,
		"isBuyerMaker": false,
		"isBestMatch": true
	},
	{
		"id": 520,
		"price": "0.03376000",
		"qty": "301.00000000",
		"quoteQty": "10.16176000",
		"time": 1665734410557,
		"isBuyerMaker": false,
		"isBestMatch": true
	},
	{
		"id": 521,
		"price": "0.03376000",
		"qty": "301.00000000",
		"quoteQty": "10.16176000",
		"time": 1665734410557,
		"isBuyerMaker": false,
		"isBestMatch": true
	},
	{
		"id": 522,
		"price": "0.03376000",
		"qty": "301.00000000",
		"quoteQty": "10.16176000",
		"time": 1665734410557,
		"isBuyerMaker": false,
		"isBestMatch": true
	},
	{
		"id": 523,
		"price": "0.03376000",
		"qty": "296.00000000",
		"quoteQty": "9.99296000",
		"time": 1665734410557,
		"isBuyerMaker": false,
		"isBestMatch": true
	},
	{
		"id": 524,
		"price": "0.03390000",
		"qty": "1000.00000000",
		"quoteQty": "33.90000000",
		"time": 1665734410557,
		"isBuyerMaker": false,
		"isBestMatch": true
	},
	{
		"id": 525,
		"price": "0.03375000",
		"qty": "3357.00000000",
		"quoteQty": "113.29875000",
		"time": 1665734410572,
		"isBuyerMaker": false,
		"isBestMatch": true
	},
	{
		"id": 526,
		"price": "0.03334000",
		"qty": "2345.00000000",
		"quoteQty": "78.18230000",
		"time": 1665734410580,
		"isBuyerMaker": false,
		"isBestMatch": true
	},
	{
		"id": 527,
		"price": "0.03334000",
		"qty": "870.00000000",
		"quoteQty": "29.00580000",
		"time": 1665734410593,
		"isBuyerMaker": false,
		"isBestMatch": true
	},
	{
		"id": 528,
		"price": "0.03375000",
		"qty": "3752.00000000",
		"quoteQty": "126.63000000",
		"time": 1665734410593,
		"isBuyerMaker": false,
		"isBestMatch": true
	},
	{
		"id": 529,
		"price": "0.03257000",
		"qty": "2177.00000000",
		"quoteQty": "70.90489000",
		"time": 1665734410765,
		"isBuyerMaker": true,
		"isBestMatch": true
	},
	{
		"id": 530,
		"price": "0.03322000",
		"qty": "22795.00000000",
		"quoteQty": "757.24990000",
		"time": 1665734410770,
		"isBuyerMaker": false,
		"isBestMatch": true
	},
	{
		"id": 531,
		"price": "0.03350000",
		"qty": "1637.00000000",
		"quoteQty": "54.83950000",
		"time": 1665734410770,
		"isBuyerMaker": false,
		"isBestMatch": true
	},
	{
		"id": 532,
		"price": "0.03351000",
		"qty": "313.00000000",
		"quoteQty": "10.48863000",
		"time": 1665734410770,
		"isBuyerMaker": false,
		"isBestMatch": true
	},
	{
		"id": 533,
		"price": "0.03351000",
		"qty": "313.00000000",
		"quoteQty": "10.48863000",
		"time": 1665734410770,
		"isBuyerMaker": false,
		"isBestMatch": true
	},
	{
		"id": 534,
		"price": "0.03351000",
		"qty": "313.00000000",
		"quoteQty": "10.48863000",
		"time": 1665734410770,
		"isBuyerMaker": false,
		"isBestMatch": true
	},
	{
		"id": 535,
		"price": "0.03351000",
		"qty": "313.00000000",
		"quoteQty": "10.48863000",
		"time": 1665734410770,
		"isBuyerMaker": false,
		"isBestMatch": true
	},
	{
		"id": 536,
		"price": "0.03351000",
		"qty": "310.00000000",
		"quoteQty": "10.38810000",
		"time": 1665734410770,
		"isBuyerMaker": false,
		"isBestMatch": true
	},
	{
		"id": 537,
		"price": "0.03375000",
		"qty": "713.00000000",
		"quoteQty": "24.06375000",
		"time": 1665734410770,
		"isBuyerMaker": false,
		"isBestMatch": true
	},
	{
		"id": 538,
		"price": "0.03375000",
		"qty": "7812.00000000",
		"quoteQty": "263.65500000",
		"time": 1665734410770,
		"isBuyerMaker": false,
		"isBestMatch": true
	},
	{
		"id": 539,
		"price": "0.03375000",
		"qty": "7147.00000000",
		"quoteQty": "241.21125000",
		"time": 1665734410770,
		"isBuyerMaker": false,
		"isBestMatch": true
	},
	{
		"id": 540,
		"price": "0.03390000",
		"qty": "33694.00000000",
		"quoteQty": "1142.22660000",
		"time": 1665734410770,
		"isBuyerMaker": false,
		"isBestMatch": true
	},
	{
		"id": 541,
		"price": "0.03390000",
		"qty": "945.00000000",
		"quoteQty": "32.03550000",
		"time": 1665734410841,
		"isBuyerMaker": false,
		"isBestMatch": true
	},
	{
		"id": 542,
		"price": "0.03261000",
		"qty": "5918.00000000",
		"quoteQty": "192.98598000",
		"time": 1665734410962,
		"isBuyerMaker": true,
		"isBestMatch": true
	},
	{
		"id": 543,
		"price": "0.03354000",
		"qty": "8594.00000000",
		"quoteQty": "288.24276000",
		"time": 1665734411226,
		"isBuyerMaker": true,
		"isBestMatch": true
	},
	{
		"id": 544,
		"price": "0.03354000",
		"qty": "809.00000000",
		"quoteQty": "27.13386000",
		"time": 1665734411227,
		"isBuyerMaker": true,
		"isBestMatch": true
	},
	{
		"id": 545,
		"price": "0.03354000",
		"qty": "7393.00000000",
		"quoteQty": "247.96122000",
		"time": 1665734411227,
		"isBuyerMaker": true,
		"isBestMatch": true
	},
	{
		"id": 546,
		"price": "0.03333000",
		"qty": "317.00000000",
		"quoteQty": "10.56561000",
		"time": 1665734411295,
		"isBuyerMaker": false,
		"isBestMatch": true
	},
	{
		"id": 547,
		"price": "0.03389000",
		"qty": "7393.00000000",
		"quoteQty": "250.54877000",
		"time": 1665734411295,
		"isBuyerMaker": false,
		"isBestMatch": true
	},
	{
		"id": 548,
		"price": "0.03390000",
		"qty": "21766.00000000",
		"quoteQty": "737.86740000",
		"time": 1665734411295,
		"isBuyerMaker": false,
		"isBestMatch": true
	},
	{
		"id": 549,
		"price": "0.03390000",
		"qty": "84327.00000000",
		"quoteQty": "2858.68530000",
		"time": 1665734411417,
		"isBuyerMaker": false,
		"isBestMatch": true
	},
	{
		"id": 550,
		"price": "0.03390000",
		"qty": "22418.00000000",
		"quoteQty": "759.97020000",
		"time": 1665734411469,
		"isBuyerMaker": false,
		"isBestMatch": true
	},
	{
		"id": 551,
		"price": "0.03355000",
		"qty": "13051.00000000",
		"quoteQty": "437.86105000",
		"time": 1665734411472,
		"isBuyerMaker": true,
		"isBestMatch": true
	},
	{
		"id": 552,
		"price": "0.03354000",
		"qty": "1564.00000000",
		"quoteQty": "52.45656000",
		"time": 1665734411551,
		"isBuyerMaker": false,
		"isBestMatch": true
	},
	{
		"id": 553,
		"price": "0.03354000",
		"qty": "7111.00000000",
		"quoteQty": "238.50294000",
		"time": 1665734411648,
		"isBuyerMaker": false,
		"isBestMatch": true
	},
	{
		"id": 554,
		"price": "0.03354000",
		"qty": "27014.00000000",
		"quoteQty": "906.04956000",
		"time": 1665734411713,
		"isBuyerMaker": false,
		"isBestMatch": true
	},
	{
		"id": 555,
		"price": "0.03390000",
		"qty": "7398.00000000",
		"quoteQty": "250.79220000",
		"time": 1665734411713,
		"isBuyerMaker": false,
		"isBestMatch": true
	},
	{
		"id": 556,
		"price": "0.03330000",
		"qty": "5129.00000000",
		"quoteQty": "170.79570000",
		"time": 1665734411799,
		"isBuyerMaker": true,
		"isBestMatch": true
	},
	{
		"id": 557,
		"price": "0.03390000",
		"qty": "2839.00000000",
		"quoteQty": "96.24210000",
		"time": 1665734411811,
		"isBuyerMaker": false,
		"isBestMatch": true
	},
	{
		"id": 558,
		"price": "0.03390000",
		"qty": "937.00000000",
		"quoteQty": "31.76430000",
		"time": 1665734411833,
		"isBuyerMaker": false,
		"isBestMatch": true
	},
	{
		"id": 559,
		"price": "0.03390000",
		"qty": "10907.00000000",
		"quoteQty": "369.74730000",
		"time": 1665734411910,
		"isBuyerMaker": false,
		"isBestMatch": true
	},
	{
		"id": 560,
		"price": "0.03331000",
		"qty": "7505.00000000",
		"quoteQty": "249.99155000",
		"time": 1665734412020,
		"isBuyerMaker": true,
		"isBestMatch": true
	},
	{
		"id": 561,
		"price": "0.03331000",
		"qty": "1638.00000000",
		"quoteQty": "54.56178000",
		"time": 1665734412020,
		"isBuyerMaker": true,
		"isBestMatch": true
	},
	{
		"id": 562,
		"price": "0.03330000",
		"qty": "22350.00000000",
		"quoteQty": "744.25500000",
		"time": 1665734412020,
		"isBuyerMaker": true,
		"isBestMatch": true
	},
	{
		"id": 563,
		"price": "0.03322000",
		"qty": "32176.00000000",
		"quoteQty": "1068.88672000",
		"time": 1665734412020,
		"isBuyerMaker": true,
		"isBestMatch": true
	},
	{
		"id": 564,
		"price": "0.03301000",
		"qty": "7115.00000000",
		"quoteQty": "234.86615000",
		"time": 1665734412020,
		"isBuyerMaker": true,
		"isBestMatch": true
	},
	{
		"id": 565,
		"price": "0.03300000",
		"qty": "606.00000000",
		"quoteQty": "19.99800000",
		"time": 1665734412020,
		"isBuyerMaker": true,
		"isBestMatch": true
	},
	{
		"id": 566,
		"price": "0.03287000",
		"qty": "15184.00000000",
		"quoteQty": "499.09808000",
		"time": 1665734412020,
		"isBuyerMaker": true,
		"isBestMatch": true
	},
	{
		"id": 567,
		"price": "0.03269000",
		"qty": "14006.00000000",
		"quoteQty": "457.85614000",
		"time": 1665734412020,
		"isBuyerMaker": true,
		"isBestMatch": true
	},
	{
		"id": 568,
		"price": "0.03269000",
		"qty": "1221.00000000",
		"quoteQty": "39.91449000",
		"time": 1665734412020,
		"isBuyerMaker": true,
		"isBestMatch": true
	},
	{
		"id": 569,
		"price": "0.03268000",
		"qty": "150114.00000000",
		"quoteQty": "4905.72552000",
		"time": 1665734412020,
		"isBuyerMaker": true,
		"isBestMatch": true
	},
	{
		"id": 570,
		"price": "0.03265000",
		"qty": "7656.00000000",
		"quoteQty": "249.96840000",
		"time": 1665734412020,
		"isBuyerMaker": true,
		"isBestMatch": true
	},
	{
		"id": 571,
		"price": "0.03261000",
		"qty": "307.00000000",
		"quoteQty": "10.01127000",
		"time": 1665734412020,
		"isBuyerMaker": true,
		"isBestMatch": true
	},
	{
		"id": 572,
		"price": "0.03261000",
		"qty": "305.00000000",
		"quoteQty": "9.94605000",
		"time": 1665734412020,
		"isBuyerMaker": true,
		"isBestMatch": true
	},
	{
		"id": 573,
		"price": "0.03261000",
		"qty": "7132.00000000",
		"quoteQty": "232.57452000",
		"time": 1665734412028,
		"isBuyerMaker": false,
		"isBestMatch": true
	},
	{
		"id": 574,
		"price": "0.03261000",
		"qty": "9700.00000000",
		"quoteQty": "316.31700000",
		"time": 1665734412030,
		"isBuyerMaker": false,
		"isBestMatch": true
	},
	{
		"id": 575,
		"price": "0.03261000",
		"qty": "78947.00000000",
		"quoteQty": "2574.46167000",
		"time": 1665734412037,
		"isBuyerMaker": false,
		"isBestMatch": true
	},
	{
		"id": 576,
		"price": "0.03261000",
		"qty": "9862.00000000",
		"quoteQty": "321.59982000",
		"time": 1665734412042,
		"isBuyerMaker": false,
		"isBestMatch": true
	},
	{
		"id": 577,
		"price": "0.03261000",
		"qty": "30724.00000000",
		"quoteQty": "1001.90964000",
		"time": 1665734412046,
		"isBuyerMaker": false,
		"isBestMatch": true
	},
	{
		"id": 578,
		"price": "0.03261000",
		"qty": "18072.00000000",
		"quoteQty": "589.32792000",
		"time": 1665734412048,
		"isBuyerMaker": false,
		"isBestMatch": true
	},
	{
		"id": 579,
		"price": "0.03257000",
		"qty": "9700.00000000",
		"quoteQty": "315.92900000",
		"time": 1665734412062,
		"isBuyerMaker": true,
		"isBestMatch": true
	},
	{
		"id": 580,
		"price": "0.03260000",
		"qty": "1638.00000000",
		"quoteQty": "53.39880000",
		"time": 1665734412062,
		"isBuyerMaker": false,
		"isBestMatch": true
	},
	{
		"id": 581,
		"price": "0.03261000",
		"qty": "29061.00000000",
		"quoteQty": "947.67921000",
		"time": 1665734412062,
		"isBuyerMaker": false,
